2910 4942
33 4594 71 4632 h

617 225 836 293 ...46-

324 419 405 488 ὥσθ’
426 425 531 508 ἵμερος
555 421 713 508 μ’όπήλθε
737 433 779 509 γή
803 444 837 487 τε
860 424 1003 509 κούρανῷ

275 526 280 534 ’
324 530 410 609 λέξαι
434 530 573 616 μολοόση
598 529 688 613 δεῦρο
712 528 850 616 Μηδείας
873 532 980 617 τύχας.

107 659 333 728 Andromacha
366 659 399 724 in
443 656 554 724 fabula
587 675 670 739 quae
704 675 743 721 ex
778 675 818 723 ea
850 656 922 738 ipsa
953 675 1069 721 nomen
1105 658 1204 724 duxit
1239 677 1349 725 secum

107 767 257 834 miserias
282 785 358 834 snas
383 763 569 832 deliberans
592 764 669 830 inde
692 783 712 829 a
735 784 764 829 v.
790 765 831 829 91
857 763 937 829 haec
960 761 1105 844 profert:

425 873 515 957 ήμεῖς
538 869 574 952 δ’,
598 875 707 956 οἷσπερ
731 870 913 958 έγκείμεσθ’
935 874 983 936 ἀεὶ

320 978 464 1064 θρήνοισι
487 979 541 1042 καί
564 978 665 1064 γόοισι
687 981 742 1043 καὶ
766 979 953 1065 δακρόμασι,

321 1087 398 1170 πρός
421 1082 523 1170 αἰθέρ’
544 1085 741 1170 έκτενοῠμεν·
765 1086 927 1172 ἐμπέφυκε
950 1090 1012 1173 γὰρ

319 1191 438 1277 γυναιξὶ
462 1191 566 1276 τέρψις
589 1201 650 1257 τῶν
675 1193 883 1277 παρεστώτων
907 1202 1017 1259 κακῶν

320 1302 381 1365 ἀνα
404 1299 492 1386 στόμ’
514 1303 562 1365 ἀεὶ
586 1303 640 1365 καί
665 1300 716 1365 διὰ
739 1301 884 1388 γλώσσης
907 1303 1000 1388 ἔχειν.

107 1425 232 1492 Similia
256 1432 334 1492 sunt
358 1427 512 1493 Hecubae
535 1427 637 1493 rerba
659 1428 693 1493 in
717 1428 835 1494 Troad.
860 1429 936 1493 inde
961 1445 980 1491 a
1003 1445 1033 1490 ν.
1059 1425 1141 1489 11οε

319 1534 348 1598 τί
371 1556 409 1620 με
432 1538 494 1620 χρὴ
517 1545 628 1620 σιγαν;
651 1535 680 1598 τό
703 1534 738 1599 δὲ
762 1539 805 1621 μή
828 1531 961 1619 σιγο”ιν;1

319 1643 348 1706 τί
371 1642 405 1705 δὲ
428 1644 605 1728 θρηνήσαι;

142 1746 207 1812 120
229 1767 298 1830 sq.:
324 1758 425 1834 μοῦσα
449 1748 483 1812 δὲ
506 1749 609 1832 καύτή
632 1757 696 1823 τοῖς
719 1746 880 1832 δυστήνοις

322 1857 399 1931 ἄτας
422 1853 568 1918 κελαδεῖν
592 1853 791 1940 ἀχορεύτους,

107 1983 141 2042 et
164 1977 354 2060 iphigeniae
378 1997 493 2044 versus
518 1978 601 2060 (Iph.
627 1978 662 2042 Τ.
687 1978 730 2041 42
755 1976 837 2062 sq.):

322 2084 343 2145 ἃ
366 2085 461 2147 καινὰ
485 2080 584 2167 δ’ήκει
607 2081 661 2161 νὺξ
684 2081 821 2167 φέρουσα
844 2081 1005 2166 φάσματα,

321 2187 402 2267 λέξω
426 2192 503 2273 πρδς
526 2187 635 2272 αἰθέρ’,
660 2191 737 2252 εἴτι
761 2188 800 2273 δή
823 2184 887 2251 τόδ’
909 2185 973 2249 ἔστ’
994 2185 1104 2268 axae,

107 2310 260 2376 Electrae
284 2311 346 2392 (El.
371 2311 415 2376 54
439 2317 472 2377 et
496 2314 571 2393 59):

324 2418 349 2481 ὦ
372 2417 425 2496 νὺξ
449 2417 591 2503 μέλαινα,
615 2417 755 2503 χρυσέων
779 2420 900 2503 ἄστρων
923 2416 1018 2503 τροφέ
1031 2463 1153 2482 ......
1221 2434 1227 2468 t

322 2525 414 2611 γόους
437 2522 573 2611 τ’ἀφίημ
596 2522 698 2608 αἰθέρ’
719 2526 762 2601 εἰς
786 2523 883 2610 μέγαν
911 2525 1015 2609 πατρί.

106 2645 262 2712 Sescenta
293 2653 402 2712 autem
433 2647 502 2713 eius
533 2647 709 2729 praecipue
741 2646 870 2729 generis
907 2647 1056 2728 exempla
1092 2647 1126 2711 in
1163 2649 1340 2732 tragoedia

106 2753 316 2819 inveniuntur
346 2754 401 2819 ubi
424 2755 543 2837 aliquis
572 2761 629 2819 aut
653 2753 748 2820 Nocti
772 2753 823 2818 vel
844 2753 912 2819 Soli
932 2755 984 2819 vel
1006 2754 1062 2819 alii
1084 2755 1145 2820 deo
1166 2738 1341 2824 adv'eraam

105 2859 269 2927 fortunam
304 2880 395 2926 snam
427 2868 657 2943 conqueratur,
694 2866 752 2925 ant
783 2860 816 2925 in
849 2858 986 2924 aethera
1014 2860 1241 2942 querimonias
1263 2882 1340 2930 suaa

107 2963 280 3032 effundat
316 2967 407 3032 Idem
424 2968 494 3033 sine
514 2966 612 3032 dubio
627 2966 661 3031 in
677 2965 841 3032 comoedia
854 2985 982 3048 quoque
999 2969 1247 3036 creberrimum
1259 2978 1341 3038 erat

107 3069 255 3152 Exempli
276 3090 376 3137 cansa
392 3075 487 3137 unius
505 3071 697 3138 Menandrei
715 3072 776 3137 loci
791 3073 988 3138 mentionem
1006 3072 1102 3154 facio,
1120 3093 1221 3156 quem
1240 3095 1343 3158 supra

107 3177 172 3242 iam
196 3176 294 3243 attuli
317 3166 392 3261 (irg.
421 3175 520 3262 739):

320 3283 345 3346 ὡ
368 3282 433 3365 νόξ,
456 3286 494 3346 σὺ
518 3284 580 3368 γὰρ
603 3281 642 3368 δή
668 3283 813 3347 πλεῖστον
836 3281 1021 3372 Ἀφροδίτης
1044 3287 1130 3351 θεῶν

321 3391 460 3477 μετέχεις
485 3389 585 3475 μέροςί
1180 3392 1183 3397 ’
1222 3477 1224 3480 γ

108 3513 173 3581 Sed
199 3513 263 3596 ipsi
290 3514 403 3579 comici
431 3515 568 3580 eandem
596 3533 665 3580 rem
695 3522 866 3596 poetarum
901 3536 963 3581 usu
997 3516 1093 3583 nimia
1129 3519 1249 3586 tritam
1271 3521 1343 3589 ioco

215 3725 224 3756 ¹
242 3723 368 3779 Eundem
386 3723 414 3776 in
432 3722 541 3778 modum
559 3725 740 3780 Prometheus
762 3725 882 3793 loquitur
900 3727 929 3780 in
946 3726 1041 3782 fabula
1058 3710 1224 3799 Aeschilea
1262 3734 1342 3789 Poet-

107 3829 188 3883 quam
213 3813 284 3868 enim
309 3812 374 3867 inde
399 3828 458 3867 av.
478 3813 513 3867 88
533 3802 567 3883 (ὦ
586 3816 644 3874 δῖος
662 3813 750 3881 αἰθήρ
768 3814 849 3885 etqe.)
871 3815 997 3870 iniuriam
1023 3816 1076 3871 sibi
1094 3817 1200 3874 illatam
1221 3837 1343 3890 quaram

107 3904 221 3958 aethera
238 3902 381 3973 invocavit,
400 3903 440 3957 sic
458 3902 550 3972 pergit
568 3902 660 3972 (106):

406 3987 464 4042 ἀλλ’
481 3984 545 4043 οὔτε
563 3991 642 4056 σιγᾶν
659 3983 723 4042 οὔτε
739 3988 776 4058 μή
796 3991 873 4059 σιγᾶν
891 3989 977 4058 τύχας

407 4071 469 4128 οἷόν
486 4072 515 4128 τέ
532 4093 579 4141 μοι
597 4071 674 4127 τάσδ’
691 4070 755 4127 ἔστί.

215 4162 225 4193 ¹
242 4159 372 4214 Similiter
382 4160 497 4215 Hecuba
509 4161 614 4216 somnio
624 4160 773 4228 perterrita
782 4161 945 4216 inscaanam
957 4161 1058 4230 prodit.
1078 4161 1119 4217 Cf.
1130 4162 1198 4222 Hec.
1207 4183 1233 4220 v.
1244 4168 1341 4238 53an

407 4285 414 4298 .
435 4291 441 4303 .
459 4249 530 4322 περᾷ
547 4247 600 4315 γὰρ
617 4241 662 4316 ἥδ’
678 4243 734 4301 ὑπὸ
753 4250 854 4317 σκηνῆς
871 4249 946 4303 πόδα

404 4328 607 4401 Ἀγαμέμνονος,
624 4333 774 4400 φάντασμα
791 4331 960 4400 δειμαίνουσ’
977 4331 1052 4402 ἐμόν.

214 4414 306 4470 ’Νωι
333 4417 431 4473 inutile
456 4424 499 4474 eat
524 4420 575 4474 hac
599 4434 660 4473 cum
682 4435 712 4474 re
735 4420 818 4475 aliam
842 4421 979 4478 conferre:
1003 4431 1105 4492 poetae
1127 4425 1203 4480 enim
1227 4442 1340 4497 operam

107 4501 173 4557 dant
195 4519 229 4558 ne
257 4520 394 4573 personae
423 4524 473 4564 eae
500 4524 570 4578 qnae
596 4509 623 4561 in
647 4524 773 4564 scaenam
796 4511 932 4580 prodeant
956 4513 1016 4568 aine
1039 4520 1116 4570 certa
1138 4515 1235 4584 aliqua
1258 4533 1341 4573 canna
