2910 4942
603 210 821 274 ..54-

133 444 139 459 ·
259 412 336 470 oeait
357 411 398 469 aot
419 426 462 468 nee
484 425 568 482 saepe
590 411 719 468 camales
742 410 831 483 „qaia
852 410 925 484 apis,
950 370 1087 469 illiciat⁸

259 506 331 592 paor
347 520 449 591 peram
473 519 680 578 adulescentem
701 520 804 578 natm?
826 536 900 592 quor
922 522 1038 577 amatt‘
1062 521 1145 597 etqs.

99 642 136 706 In
160 639 311 706 Plautina
335 641 519 705 Mercatore
539 636 749 704 Acanthionis
772 637 870 719 servi,
896 637 951 719 qui
974 637 1007 701 in
1030 641 1093 702 act.
1118 635 1134 701 I
1157 637 1314 703 scaenall
1358 715 1360 725 Ι

99 747 220 830 prodit,
244 747 326 813 haec
350 751 426 812 sunt
449 746 556 827 prima
578 745 680 810 verba
703 743 781 829 (111
806 747 888 828 sq.):

261 858 311 916 Ee
334 858 455 916 samonis
479 857 580 930 onitas
603 856 769 928 oieibasqae
793 844 883 929 iisqne
906 855 1041 930 eapeeire,
1064 856 1164 924 nitere,

260 981 326 1023 eras
348 968 381 1022 at
402 964 499 1020 minor
522 979 607 1035 opera
630 965 682 1020 tna
704 964 842 1022 seeoetae.
867 960 996 1035 opedam,
1019 960 1175 1038 Acanthio,

208 1145 210 1148 ι
260 1072 341 1146 abiae
356 1070 415 1144 ¹abs
439 1074 464 1128 te
488 1069 688 1129 lassitudinem
712 1071 793 1147 etqs,

100 1195 257 1261 Similiter
279 1195 312 1256 in
337 1189 483 1256 Terentii
506 1188 662 1254 Eunucho
687 1186 846 1268 chaerea,
871 1186 962 1254 cuius
987 1206 1102 1256 nomen
1127 1196 1321 1272 spectatores

99 1302 239 1367 nondum
263 1303 434 1378 noverunt,
458 1296 539 1362 haec
556 1297 597 1362 ad
613 1297 849 1362 Parmenonem
864 1315 997 1363 servum
1013 1295 1093 1363 dicit
1109 1297 1150 1377 (v.
1168 1296 1233 1362 307
1249 1297 1320 1384 sq.):

303 1427 376 1468 aeno.
394 1443 436 1452 -
459 1408 531 1466 hela.
550 1441 591 1451 -
608 1426 694 1488 nanc,
719 1409 871 1479 Parmeno,
895 1414 920 1468 te
944 1410 1100 1471 ostenderis
1124 1413 1175 1485 qai
1197 1413 1244 1470 air
1265 1412 1320 1471 sies.

257 1517 314 1576 seis
337 1519 363 1573 te
384 1515 457 1573 miti
478 1531 561 1586 saepe
579 1516 744 1587 pollicitam
767 1533 827 1576 esse
852 1517 1010 1586 „Chaerea
1033 1517 1149 1590 cimicia
1172 1520 1271 1578 inueni

258 1623 342 1680 mocio
365 1623 441 1695 qaod
463 1638 558 1681 ames:
580 1623 612 1679 in
635 1639 669 1682 ea
691 1639 723 1681 re
745 1623 899 1682 utilitatem
922 1640 971 1698 epo
986 1625 1103 1700 faciam
1125 1628 1159 1682 at
1177 1641 1317 1699 coenosas

1015 1736 1130 1788 eneam“
1157 1732 1238 1809 etqs.

98 1849 135 1915 In
150 1845 490 1913 Hantontimorumeni
507 1845 635 1928 protasi
648 1847 857 1914 Menedemus
870 1847 1036 1914 Chremeti
1052 1846 1213 1930 quomodo
1229 1845 1313 1916 filiun

98 1975 194 2022 snum
217 1955 365 2020 amiserit
389 1959 513 2019 narrat.
560 1954 640 2024 Inde
664 1974 684 2020 a
706 1973 737 2019 v.
761 1954 804 2019 99
827 1954 909 2021 haec
932 1954 1089 2038 legimus:

258 2066 310 2124 abi
331 2082 391 2123 reni
413 2065 524 2133 rescivi,
547 2067 626 2137 coepi
648 2083 708 2123 aon
730 2067 897 2126 humantes

257 2189 347 2245 nepae
368 2176 400 2230 at
423 2173 554 2231 animam
577 2173 671 2232 cieeait
693 2178 840 2248 aepeotaon
863 2175 1071 2235 adolescentuli

259 2282 390 2347 tractare,
413 2277 464 2337 seat
485 2279 515 2337 oi
537 2284 563 2338 et
584 2281 634 2338 oia
650 2281 821 2355 mecolaeta
838 2284 969 2354 patrata.

258 2388 373 2447 cottidie
395 2388 581 2446 accusabam:
603 2386 691 2457 „leem
714 2387 802 2446 tibine
824 2388 893 2446 haec
916 2388 1025 2449 diutius

259 2497 341 2555 licere
363 2511 462 2567 speras
478 2495 580 2570 faeere
603 2511 647 2552 nce
668 2496 733 2552 otoo
749 2497 844 2566 patre,

258 2604 380 2661 amicam
402 2607 435 2661 at
457 2601 563 2660 habeas
580 2618 672 2674 prope
695 2603 755 2659 iani
778 2603 810 2659 in
833 2602 935 2687 acoris
961 2602 1040 2661 ioco.²

257 2726 349 2779 erras,
374 2711 401 2769 si
424 2712 456 2768 iet
478 2710 578 2780 credis,
602 2715 628 2769 et
649 2729 693 2770 nce
716 2713 842 2786 minores,
869 2712 988 2774 Olinia“
1013 2716 1096 2791 eth.

98 2829 262 2907 Quomodo
287 2835 322 2894 et
345 2830 500 2897 Chremes
525 2835 558 2896 et
581 2836 796 2912 spectatores
812 2830 1029 2899 adulescentis
1060 2849 1179 2897 nomen
1201 2846 1312 2913 compe·

97 2936 195 3001 rinnt.
236 2935 392 3002 Similiter
408 2936 478 3019 ipse
495 2937 600 3003 Clinia
615 2943 819 3020 spectatores
844 2938 885 3004 de
901 2938 1032 3020 puellae
1049 2943 1179 3004 amatae
1200 2936 1313 3004 nomint

98 3042 256 3110 certiores
279 3043 373 3108 lacit:
399 3043 478 3110 dicit
501 3044 585 3110 enim
609 3044 684 3111 inde
708 3064 728 3110 a
751 3066 780 3110 v.
806 3045 870 3111 256
894 3045 951 3112 illa
974 3045 1046 3127 ipsa
1070 3046 1225 3112 absente:

753 3170 755 3174 '
837 3160 1020 3234 anppiter,
1045 3159 1097 3218 abi
1118 3161 1217 3217 nanmt
1231 3155 1317 3230 fides!

257 3265 326 3325 dane
348 3270 533 3340 concremer
555 3271 581 3325 te
604 3284 706 3327 errans
722 3269 825 3340 patria
848 3284 931 3326 careo
954 3267 1078 3336 demens,
1101 3271 1133 3326 ta
1148 3269 1259 3326 interea
1274 3263 1318 3324 loci

257 3373 489 3445 conlocaptetasti
511 3379 544 3444 te,
568 3374 731 3447 noranta,
754 3380 780 3434 et
802 3393 846 3433 nee
862 3378 894 3433 in
908 3374 955 3434 tte
971 3375 1125 3434 deseruisti
1139 3377 1228 3436 maiis
1244 3378 1317 3456 etqs.

97 3468 297 3573 Quamquam
314 3512 368 3558 res
385 3491 461 3572 fert,
486 3500 523 3560 ut
540 3513 579 3560 ex
595 3500 767 3575 poetarum
785 3493 985 3560 Graecorum
1003 3494 1199 3578 fragmentis
1216 3497 1319 3564 huius·

96 3599 183 3665 modi
207 3602 354 3682 exempla
377 3602 473 3683 plane
490 3607 582 3668 certa
598 3601 711 3667 afferri
727 3607 901 3684 nequeant,
925 3607 1115 3669 tamennon
1132 3605 1202 3670 sine
1219 3606 1321 3689 aliqua

96 3707 377 3773 verisimilitudine
410 3707 473 3775 huc
503 3708 630 3775 reterre
663 3710 739 3776 mihi
764 3710 876 3777 videor
907 3729 947 3776 ea
979 3729 1062 3793 quae
1093 3730 1132 3776 ex
1155 3711 1322 3781 Menandri

96 3813 206 3881 fabula
230 3814 469 3903 Θεοφορουμὲνη
494 3836 577 3899 quae
593 3818 752 3899 inscripta
776 3824 849 3884 erat
865 3817 1028 3885 Stobaens
1052 3817 1199 3887 servavit
1224 3820 1322 3908 (Koch

97 3922 160 4003 lrg.
185 3923 282 4005 223);
309 3923 400 3990 cuius
423 3925 486 3990 loci
510 3944 624 3990 versus
648 3923 746 4006 primi
770 3931 845 3991 sunt
871 3925 921 3991 hi:

257 4035 352 4109 εἴτις
376 4032 563 4119 προσελθών
588 4055 638 4118 μοι
661 4035 746 4098 θεῶν
770 4032 857 4118 λέγοι
880 4032 1044 4117 ,,Κράτων,

258 4136 337 4200 ἐπὰν
361 4135 537 4222 ἀποθάνῃς,
563 4137 655 4213 αὖθις
679 4135 712 4215 ἐξ
735 4137 835 4224 ἀρχῆς
858 4139 931 4202 ἔσει·
956 4138 1025 4203 κτλ.

97 4257 194 4322 Certe
228 4262 457 4338 argumentum
490 4259 570 4324 satis
602 4257 685 4325 bene
717 4259 751 4324 in
785 4258 916 4327 fabulae
948 4262 1142 4345 principium
1174 4265 1320 4346 quadrat.

97 4361 254 4429 Conferas
284 4381 324 4428 ea
355 4381 439 4444 quoe
468 4363 501 4428 in
526 4365 787 4448 Aristophaneus
811 4368 899 4434 Phiti
922 4369 1014 4436 initio
1039 4370 1232 4455 Chremylus
1254 4373 1319 4455 ipse

97 4488 224 4554 qnoque
248 4489 347 4537 senex
371 4468 494 4554 probus
517 4508 560 4520 -
584 4473 668 4540 hunc
686 4475 860 4542 Crotonem
878 4496 989 4544 senem
1006 4495 1078 4545 esse
1094 4497 1133 4545 ex
1149 4478 1319 4546 Plutarcho
