2910 4942
569 246 789 322 ..15-

70 452 191 539 Δορπία
214 455 385 536 prologum
410 452 651 536 pronuntiabat.
695 411 801 536 Legas
826 473 971 536 eaquae
995 455 1035 520 ab
1053 453 1219 520 Athenaeo
1236 453 1289 518 lV.

66 562 162 628 llll
185 561 380 626 traduntur:
404 562 458 624 καί
482 559 651 638 Φιλύλλιος
674 561 705 626 ἐν
730 561 888 647 Ἡρακλεῖ·

280 667 435 754 βούλεσθε
458 666 524 753 δῆτ’
547 667 609 754 ἐγὼ
632 669 741 754 φράσω
765 670 809 746 τίς
833 667 890 754 εἰμ’
913 667 993 755 ἐγώ;

279 775 300 860 ἡ
324 783 384 840 τῶν
408 776 590 859 προτενθῶν
616 775 735 861 Δορπία
758 776 947 863 καλουμένη.

65 881 185 967 Δορπία
217 889 326 949 autem
358 885 590 964 Apaturiorum
621 884 727 965 prima
760 885 828 950 dies
859 890 939 950 erat.
973 919 1015 931 ·-
1040 882 1112 947 Alia
1145 880 1292 960 exempla

65 991 179 1056 omitto
204 1009 276 1056 cum
306 1009 346 1055 ex
374 991 518 1072 ipsorum
543 1009 670 1072 quoque
697 998 868 1073 poetarum
890 992 978 1058 inter
1001 1009 1036 1056 se
1060 984 1291 1055 controversiis

64 1104 164 1180 atque
189 1095 376 1163 criminibus
401 1097 590 1179 saepissime
614 1099 753 1164 alterum
770 1099 909 1164 alterum
926 1096 1117 1179 compilasse
1142 1095 1289 1161 sciamus.

171 1206 209 1270 In
239 1204 279 1269 iis
313 1205 377 1269 iam
413 1203 587 1269 comoediis
621 1222 704 1285 quae
739 1211 815 1285 post
848 1224 966 1270 annum
992 1206 1056 1269 412
1092 1209 1184 1270 actae
1215 1207 1291 1268 sunt

64 1312 154 1378 aliud
171 1303 381 1394 expositionis
399 1331 501 1394 genus
515 1317 709 1392 usurpatum
721 1310 901 1378 invenimus
915 1312 1013 1394 idque
1025 1308 1294 1392 pulcherrimum

64 1419 189 1485 Harum
214 1419 298 1485 enim
321 1417 449 1500 prologi
472 1419 521 1484 ita
545 1419 724 1499 comparati
749 1425 835 1497 sunt,
859 1420 951 1485 utin
976 1418 1106 1484 fabulae
1130 1415 1289 1498 principio

64 1525 128 1590 duo
153 1523 298 1590 homiues
326 1525 527 1604 conveniant,
560 1543 697 1607 quorum
727 1524 811 1590 alter
838 1543 909 1590 cum
934 1527 1038 1591 altero
1063 1543 1147 1607 quae
1171 1524 1214 1589 sit
1237 1541 1291 1588 res
1367 1557 1372 1578 ι

64 1632 286 1698 communicet.
347 1634 463 1715 Itaque
497 1651 603 1714 neque
638 1631 808 1714 soliloquio
844 1630 940 1697 unius
974 1651 1152 1713 personae
1185 1649 1289 1712 neque

65 1739 212 1805 oratione
233 1741 326 1806 adse
343 1740 430 1821 ipsos
446 1739 570 1819 habita,
595 1742 652 1806 sed
669 1760 746 1806 vero
769 1741 914 1807 diverbio
931 1745 1134 1822 spectatores
1151 1758 1289 1821 quoque,
1333 1730 1336 1736 '

64 1847 105 1911 de
130 1852 321 1928 argumento
355 1848 514 1914 certiores
537 1847 628 1913 fiunt.
676 1849 719 1914 Et
743 1849 870 1913 omnino
900 1853 966 1913 tam
998 1853 1074 1928 apte
1105 1845 1139 1910 bi
1162 1845 1291 1928 prologi

65 1954 234 2035 compositi
258 1961 343 2035 sunt,
378 1961 415 2019 ut
438 1955 518 2020 nibil
543 1956 686 2021 habeant
710 1956 796 2038 quod
820 1959 1042 2037 spectatorum
1072 1954 1289 2019 docendorum

64 2080 172 2141 causa,
209 2081 272 2126 non
303 2067 339 2126 ut
374 2080 427 2127 res
462 2061 534 2142 ipsa
568 2061 706 2143 flagitet,
742 2062 862 2128 dictum
899 2081 970 2127 esse
993 2061 1153 2127 videatur.
1211 2061 1290 2126 Cum

64 2174 172 2234 autem
197 2168 278 2233 haec
293 2170 364 2234 laus
388 2168 536 2235 omnibus
552 2166 747 2250 posterioris
771 2168 889 2234 aetatis
906 2167 1026 2234 fabulis
1042 2167 1289 2249 Aristophaneis

64 2294 145 2356 quas
178 2294 237 2340 uos
269 2273 427 2340 babemus
461 2274 638 2341 communis
662 2275 715 2355 sit,
751 2311 794 2322 -
828 2276 862 2339 in
893 2275 1128 2341 Ecclesiazusis
1162 2293 1289 2357 quoque

64 2382 155 2448 cuius
185 2384 218 2446 iu
249 2381 340 2448 initio
371 2390 469 2464 poeta
492 2381 690 2448 facetissime
722 2383 875 2463 prologos
906 2382 1101 2465 Euripideos
1132 2380 1289 2446 imitando

63 2489 181 2554 irridet
217 2485 426 2572 expositionis
462 2509 586 2555 summa
623 2487 769 2554 diverbia
802 2496 878 2570 post
901 2490 1106 2572 soliloquium
1140 2488 1289 2571 sequenti

63 2602 256 2662 reservatur
272 2634 314 2644 —
332 2616 371 2663 ea
393 2598 426 2661 iu
451 2616 487 2663 re
511 2597 592 2662 haec
617 2595 751 2663 exordia
775 2596 963 2679 discrepant
987 2599 1072 2681 quod
1088 2596 1289 2678 unumquod-

64 2722 127 2786 que
151 2722 242 2769 suam
265 2702 366 2770 habet
389 2704 530 2770 indolem
547 2701 759 2786 habitumque
783 2703 1002 2786 pulcherrime
1027 2712 1061 2772 at
1076 2704 1289 2786 singulariter

62 2815 205 2890 apoeta
227 2809 402 2875 inventum.
450 2811 564 2893 Itaque
589 2811 650 2877 hac
680 2819 775 2894 parte
801 2813 1035 2895 Aristophanes
1066 2831 1134 2877 meo
1159 2811 1288 2894 quidem

63 2935 162 2982 seusu
186 2923 220 2982 et
243 2937 353 2984 omnes
378 2923 492 3000 poetas
515 2919 658 3000 tragicos
675 2919 752 2986 vicit
776 2926 810 2986 et
834 2921 914 3001 ipse,
939 2921 967 2986 si
991 2920 1192 3002 posteriores
1217 2937 1289 2984 cum

63 3022 229 3105 prioribus
253 3024 370 3091 fabulis
395 3023 630 3107 comparamus,
656 3027 793 3092 maxime
818 3046 1015 3110 progressus
1040 3033 1099 3092 est.

170 3185 238 3250 lam
263 3205 335 3251 cnm
359 3188 455 3267 plura
484 3207 569 3254 nuuc
599 3206 662 3253 non
686 3188 751 3254 sint
781 3207 864 3270 quae
889 3189 929 3254 de
957 3188 1092 3271 antiqua
1123 3186 1289 3254 comoedia

63 3292 206 3374 proferri
238 3295 374 3376 possint,
407 3297 448 3360 ad
479 3295 616 3360 mediam
647 3301 681 3360 et
712 3314 828 3360 novam
856 3298 1097 3378 aggrediamur,
1133 3295 1223 3361 curius
1248 3295 1288 3359 do

62 3400 207 3481 prologis
242 3401 426 3467 accuratius
462 3421 595 3482 agemus
608 3404 626 3466 ¹.
686 3404 900 3469 Statuendum
937 3413 1045 3469 autom
1081 3409 1131 3468 est
1166 3401 1288 3466 nullum

61 3504 142 3585 fere,
176 3510 260 3588 quod
293 3527 351 3573 nos
375 3508 504 3590 quidem
530 3528 725 3592 cognoscere
748 3510 920 3592 possimus,
955 3511 1087 3593 gravius
1112 3509 1286 3575 discrimen

61 3614 266 3680 intercedere
290 3617 324 3680 in
354 3616 481 3697 prologi
513 3636 573 3682 usu
604 3617 852 3683 intermediam
883 3625 917 3684 et
940 3638 1054 3684 novam
1080 3617 1286 3683 comoediam.

63 3725 177 3802 ltaque
202 3720 262 3787 hac
295 3722 328 3786 iu
361 3726 552 3804 quaestione
586 3722 697 3790 ambas
722 3745 785 3790 una
809 3726 968 3807 simulque
995 3724 1219 3792 tractabimus.
1247 3761 1286 3770 —

62 3828 194 3910 Prologi
217 3837 326 3896 autem
351 3833 477 3897 nomine
502 3851 573 3898 eam
590 3830 719 3897 fabulae
744 3839 870 3914 partem
895 3831 1083 3917 significabo
1107 3831 1140 3896 in
1161 3850 1226 3914 qua
1249 3851 1287 3897 eo

62 3937 238 4016 praecipue
262 3957 395 4004 munere
419 3946 517 4020 pocta
541 3939 688 4022 fungitur
713 3947 749 4006 ut
773 3946 999 4022 argumentum
1025 3942 1174 4019 exponat.

168 4042 235 4111 Iam
260 4051 297 4108 ut
320 4045 359 4108 ad
384 4045 512 4127 singula
544 4065 602 4110 nos
627 4052 864 4121 convertamus,
899 4046 1070 4135 discedunt
1094 4045 1126 4109 hi
1160 4043 1287 4126 prologi

62 4148 125 4213 duo
149 4148 181 4212 iu
206 4168 344 4231 genera:
377 4159 604 4233 argumentum
628 4153 711 4218 enim
737 4135 911 4235 exponitur
935 4159 992 4218 aut
1017 4153 1050 4216 in
1080 4146 1152 4233 ipsa
1175 4149 1287 4217 fabula

61 4253 102 4318 ab
126 4253 229 4336 ipsius
253 4254 383 4323 fabulae
413 4279 563 4341 persona,
596 4265 653 4325 aut
680 4268 756 4327 ante
786 4259 917 4326 fabulae
947 4259 1074 4324 initium
1102 4276 1287 4340 apersoua

169 4451 178 4482 ¹
197 4450 286 4505 Multa
311 4451 345 4505 de
369 4451 403 4506 iis
424 4459 499 4507 recte
518 4453 673 4508 observavit
691 4454 824 4510 Dziatzlxo
843 4455 872 4509 in
891 4454 1117 4510 commentatione
1135 4453 1187 4509 Die
1205 4453 1286 4508 Plau-

60 4537 195 4594 tinischen
213 4539 330 4610 Prologe
349 4556 429 4608 quam
447 4541 593 4610 inscripsit.
630 4542 736 4597 Luzeru
757 4543 834 4600 1867.
