2910 4942
572 221 790 286 -23-

280 417 361 483 οἶνόν
385 438 418 482 τε
442 416 537 482 πίνων
562 419 603 495 εἰς
627 417 768 503 ἕρωτοὶτ
767 415 952 502 ’ἐμπεσών

280 525 441 609 ἀμφότερα
465 524 572 611 μηνύει
594 528 656 610 γὰρ
679 527 743 589 ἀπὸ
765 532 826 590 τῶν
850 523 1035 611 βλεμμάτων

281 634 333 696 καὶ
358 641 418 696 τῶν
442 632 544 717 λόγων
568 630 670 696 ταῦθ’·
695 634 773 696 ὥστε
796 634 867 709 τοὺς
891 631 1107 716 ἀρνουμένους,

281 739 416 825 μάλιστα
438 740 596 818 τούτους.
655 748 911 824 ..καταφανεῖς
934 748 1025 803 ποιεῖ.

11 847 156 931 lQuae
188 847 233 913 sit
265 866 319 913 res
352 849 440 914 clare
463 848 681 930 perspicitur
728 847 906 912 Iuvenist
892 853 959 914 tam
991 844 1120 927 perdite
1152 844 1293 926 puellam

65 956 216 1039 aliquam
248 961 354 1038 amat
395 961 432 1023 ut
469 976 538 1038 rm,
573 955 702 1022 etiamsi
738 954 845 1021 celare
886 973 956 1020 eam
997 953 1149 1032 studeat
1114 956 1293 1017 ttamen

21 1138 24 1145 ,
65 1064 225 1143 comitem,
251 1083 380 1129 servum
404 1071 463 1146 put
465 1083 493 1146 o,
518 1083 582 1130 nou
598 1061 742 1144 effugiat.
783 1063 900 1142 Itaque
922 1060 975 1128 hie
996 1079 1068 1126 eum
1086 1056 1292 1137 adhortatur,

65 1176 103 1235 ut
125 1171 187 1236 sibi
213 1188 356 1237 amorem
380 1190 473 1237 suum
498 1171 620 1236 eredat.
668 1168 719 1233 Ad
742 1167 890 1234 iuvenem
913 1166 994 1232 haee
1018 1163 1081 1229 dici
1102 1182 1141 1230 eo
1165 1180 1293 1246 quoque

65 1276 236 1357 probatur,
272 1276 358 1359 quod
380 1274 508 1354 Φειδίας
542 1278 641 1343 etiam
664 1276 769 1343 altaro
804 1275 874 1341 loeo
907 1273 963 1340 ubi
995 1271 1137 1340 occurrit
1167 1269 1293 1336 iuvenis
1353 1339 1356 1345 ,

64 1401 181 1448 nomen
214 1389 273 1450 est.
321 1383 400 1449 Dico
424 1383 595 1452 Menandri
618 1382 679 1467 frg.
705 1383 781 1464 530,
810 1401 947 1465 quocum
971 1381 1147 1461 coniungas
1171 1378 1233 1444 531
1259 1384 1293 1445 et

10 1522 14 1535 ·
65 1489 225 1556 ἀδέσποτα
248 1501 303 1578 τῆς
327 1490 397 1567 νέας
423 1491 485 1557 105
508 1497 542 1558 et
569 1491 641 1572 114,
675 1490 731 1574 qui
763 1491 853 1557 loeus
877 1489 1003 1572 etipse
1026 1489 1060 1554 iu
1083 1486 1214 1553 fabulae
1238 1505 1292 1552 ex-

10 1590 25 1685 .'.·
65 1598 159 1665 ordio
182 1600 308 1682 positus
332 1599 434 1667 fuisse
457 1600 598 1668 videtur.
644 1601 682 1665 ln
705 1600 869 1678 nominum
893 1603 1002 1662 autem
1024 1615 1087 1662 usu
1110 1593 1235 1660 mediae
1260 1598 1293 1660 et

24 1762 29 1777 ,
64 1722 167 1770 nouae
192 1704 311 1770 aetatis
334 1711 453 1788 poetae
478 1706 590 1771 comici
613 1707 693 1773 satis
718 1712 827 1772 certas
850 1704 940 1786 leges
964 1708 1156 1784 sequuntur.
1203 1702 1293 1767 Haec

64 1817 124 1876 out
126 1830 175 1876 em
200 1811 417 1890 condiciani
379 1813 471 1878 utiu
493 1808 708 1880 fabulaet
646 1813 692 1877 1ni
694 1815 740 1878 tio
764 1831 840 1879 erus
856 1810 980 1878 iuvenis
997 1828 1101 1891 servo,
1127 1810 1182 1892 qui
1197 1814 1293 1890 roget

64 1921 101 1980 et
122 1914 243 1981 aeriter
273 1921 420 1984 instate
421 1916 555 1985 tfidem
577 1921 799 2003 pietatemque
823 1937 915 1985 suam
939 1917 1097 1984 adversus
1121 1935 1194 1982 eum
1218 1934 1293 1997 pro-

62 2018 176 2088 batam
210 2026 449 2105 commemoret,
484 2044 626 2092 amorem
661 2046 755 2094 suum
788 2027 971 2105 concredat,
1006 2029 1073 2091 tam
1109 2024 1294 2090 crebrat
1257 2028 1294 2088 ut

62 2128 155 2194 nullu
189 2128 259 2198 fere
294 2131 359 2197 alia
388 2132 421 2197 iu
453 2135 626 2202 comoediis
659 2143 719 2204 est.
775 2135 932 2204 Conferas
960 2134 1109 2217 inprimis
1140 2129 1292 2200 Pseudoli

61 2235 270 2304 Plautinae
261 2238 397 2323 mitium
424 2242 509 2324 quod
532 2242 668 2311 hoat
617 2249 684 2311 est:

199 2350 263 2411 Si
284 2367 320 2410 ea
342 2356 369 2412 te
392 2357 498 2413 taeeate
517 2355 585 2429 fieri
601 2372 718 2429 possem
741 2357 851 2426 certior,

226 2476 281 2529 ere,
304 2479 377 2533 quae
399 2464 533 2524 miseriae
556 2468 581 2522 te
604 2467 664 2522 tam
685 2463 788 2522 misere
810 2465 961 2529 maemeat,

226 2565 350 2626 duorum
374 2569 467 2628 labari
489 2587 539 2645 epo
560 2569 708 2628 domiuum
725 2569 888 2642 parsissem
912 2568 1027 2626 iudeus:

224 2674 281 2732 mei
303 2677 329 2732 te
351 2675 478 2750 repandi
500 2680 526 2734 et
549 2677 808 2750 tui‘respoudeadi
830 2676 908 2734 milei

225 2797 303 2840 auae
325 2785 462 2854 quopiam
484 2783 517 2842 id
531 2784 603 2858 fieri
625 2802 684 2843 aaa
700 2788 804 2857 potest,
828 2784 982 2842 necessitas

225 2905 270 2947 me
291 2891 399 2964 subipit
420 2894 454 2949 ut
475 2894 501 2950 te
523 2893 652 2966 rapitem.
677 2891 816 2966 responde
838 2891 927 2949 midi:

226 2997 368 3067 quidest,
391 2997 469 3070 quod
490 3002 522 3057 tu
545 3000 727 3082 examinantes
750 3000 810 3057 iam
831 2998 883 3057 laos
906 2997 1010 3056 multos
1034 2997 1094 3056 dies

224 3105 320 3176 pastas
343 3102 462 3162 tabelias
486 3107 585 3174 terum,
607 3121 656 3164 eas
681 3105 817 3164 lacrumis
843 3104 916 3163 iaris

226 3226 315 3282 aeque
338 3199 383 3269 tui
398 3213 572 3283 participem
594 3213 699 3271 aaasiti
721 3228 890 3284 quemquam
905 3212 1005 3286 saris?

226 3317 363 3389 eloquere,
387 3322 420 3376 ut
442 3319 520 3391 quod
542 3337 592 3395 epo
614 3321 709 3379 uesaio
732 3323 822 3378 teeum
844 3320 943 3378 seiam.

60 3420 216 3487 Proxime
249 3421 374 3488 accedit
407 3421 612 3489 Curculionis
647 3442 775 3507 quoque
809 3423 986 3503 exordium,
1023 3421 1063 3488 de
1097 3440 1160 3503 quo
1191 3437 1293 3501 supra

60 3527 129 3616 iam
155 3527 302 3594 diximus
350 3525 508 3594 Exscribo
532 3546 647 3593 versus
671 3546 727 3593 eos
753 3527 807 3610 qui
831 3527 894 3592 huc
917 3525 1100 3609 pertinent.
1070 3526 1186 3592 tls
1170 3544 1234 3608 s.:q

229 3641 291 3716 Quo
314 3642 361 3700 ted
381 3642 433 3701 doe
455 3643 547 3700 uectis
570 3642 665 3700 diram
681 3641 830 3713 proficisci
844 3642 933 3716 faras

76 3827 79 3831 Ι
225 3764 290 3806 eum
312 3748 383 3806 istae
406 3751 511 3806 oruata
533 3763 652 3818 eumque
674 3745 728 3804 irae
743 3762 863 3820 pompa,
889 3744 1088 3803 Phaedrome?
1139 3761 1142 3767 ·

160 3889 202 3898 -
225 3872 282 3928 quo
311 3855 406 3915 Veaus
431 3853 596 3926 duplaeque
619 3854 753 3925 imperarat
775 3851 930 3924 suadetque
953 3850 1054 3910 Amor.

61 3959 109 4024 23
132 3976 199 4040 sq:

160 4100 202 4111 -
225 4067 367 4139 numquid
389 4071 420 4125 tu
443 4065 519 4138 quad
541 4069 566 4124 te
589 4070 639 4124 aut
659 4082 761 4139 peuere
783 4068 935 4140 iadipuum
957 4069 996 4126 sit
1018 4072 1067 4126 tua

218 4176 301 4249 faais
324 4178 375 4233 aut
397 4175 524 4246 iueeptas
539 4174 664 4247 faeiuus
679 4174 789 4248 faeere,
814 4174 1012 4233 Phaedrome?
1128 4217 1129 4221 ,

224 4299 295 4341 aum
318 4285 349 4339 tu
365 4282 491 4353 pudicae
514 4283 661 4354 quapiam
684 4283 810 4341 iusidias
834 4282 909 4340 loeas

225 4394 277 4450 aut
299 4408 385 4463 quam
401 4390 542 4463 pudieam
566 4374 672 4462 opertet
694 4396 773 4450 esse?
797 4423 839 4432 -
862 4390 980 4456 memini,
1055 4467 1056 4472 η

225 4515 276 4558 aaa
298 4515 342 4556 me
365 4498 414 4556 ille
437 4499 504 4557 sirit
526 4498 670 4570 Juppiter.
698 4515 812 4572 -epo
835 4499 901 4556 item
923 4497 1003 4556 auio:
