2910 4942
620 207 935 274 --25-.

118 406 257 472 Videtur
273 404 387 472 similis
404 402 457 471 res
473 403 549 472 huic
564 406 635 472 loco
652 403 785 471 subesse
802 410 900 486 atque
913 404 1108 471 Curculioni.
1127 440 1168 450 -
1185 403 1219 469 Si
1235 409 1344 470 autem

121 513 155 578 id
183 512 380 594 quaerimus,
412 512 498 578 unde
528 512 589 578 hoc
617 507 830 594 'expositionis
854 531 957 593 genus
980 509 1168 593 profectum¹
1186 511 1229 579 sit
1252 511 1344 578 cuius

113 626 272 702 quattuor
287 620 436 702 exempla
452 621 630 700 attulimus,
655 620 793 702 primum
814 620 1014 686 redeundum
1039 625 1090 685 est
1113 618 1154 685 ad
1178 619 1345 700 antiquam

112 725 325 792 comoediam.
373 725 530 793 Eiusdem
559 726 644 792 enirn
668 725 815 804 rationis,
847 725 1040 807 quamquam
1070 725 1133 790 non
1166 727 1205 791 de
1233 744 1344 792 amore

111 833 233 916 agitur,
258 835 349 899 locus
373 833 438 899 ille
454 839 505 899 est
529 851 623 914 quem
646 833 680 896 in
700 829 962 912 Aristophaneus
979 830 1067 896 Pluti
1091 830 1183 897 initio
1207 831 1343 915 legimus

111 939 369 1006 indeav.18:

327 1045 389 1131 ἐγὼ
413 1045 469 1129 μὲν
493 1045 547 1108 οὖν
571 1044 630 1107 οὐκ
653 1042 723 1107 ἔσθ’
745 1046 830 1120 ὅπως
854 1045 1032 1130 σιγήσομαι,

328 1152 367 1236 ἢν
392 1153 434 1235 μὴ
458 1149 619 1233 φράσῃςὸ
643 1171 671 1212 τι
694 1148 766 1234 τῷδ’
789 1150 1026 1236 ἀκολουθοῦμέν
1051 1173 1137 1234 ποτε,

329 1259 354 1323 ὡ
378 1258 510 1342 δέσποτ’,
536 1257 619 1323 ἀλλά
643 1280 691 1323 σοι
715 1259 839 1345 παρέξω
864 1259 1045 1346 πράγματα.
1177 1258 1180 1264 ‘

328 1625 558 1642 .....
606 1577 719 1662 λῆρος·
744 1578 780 1641 οὐ
803 1580 865 1665 γάρ
887 1579 1048 1663 παύσομαι

328 1688 399 1771 πρίν
424 1687 461 1750 άν
484 1686 606 1770 φράσῃς
630 1707 681 1770 μοι
704 1685 748 1761 τίς
772 1684 840 1749 ποτ’
863 1686 943 1752 ἐστίν
967 1685 1080 1749 οὑτοσί·

328 1797 434 1870 εὔνους
458 1794 519 1878 γάρ
543 1793 585 1856 ὤν
609 1814 658 1856 σοι
682 1791 883 1874 πυνθάνομαι
905 1791 988 1854 πάνυ
1012 1791 1142 1877 σφόδρα.

264 1936 305 1946 -
331 1896 402 1963 ἀλλ’
425 1901 461 1961 οὔ
485 1918 512 1961 τι
536 1899 656 1983 κρύψω·
681 1906 742 1963 τῶν
766 1898 849 1982 ἐμῶν
871 1900 933 1983 γάρ
957 1898 1086 1963 οἰκετῶν

328 2003 512 2069 πιστότατον
535 2005 670 2090 ἡγοῦμαί
693 2027 728 2069 σε
752 2007 805 2070 καί
829 2004 1063 2069 κλεπτίστατον.

114 2116 184 2180 Iam
214 2132 290 2180 erus
321 2131 415 2178 servo
451 2121 679 2192 argumentum
702 2118 827 2178 narrat.
885 2111 965 2176 Cum
996 2112 1048 2178 his
1077 2113 1227 2179 conferas
1251 2115 1345 2180 Pacis

112 2220 313 2302 v.102sq.;
338 2217 394 2284 ubi
409 2217 507 2283 simili
523 2220 616 2284 modo
634 2226 747 2285 servus
772 2220 935 2285 dominum
959 2240 1028 2286 rem
1053 2239 1214 2302 exponere
1238 2221 1342 2301 cogit:

327 2326 387 2389 οὐκ
409 2322 479 2389 ἔσθ’
501 2327 585 2402 ὅπως
609 2323 760 2412 σιγήσομ’,
784 2327 823 2412 ην
848 2325 890 2412 μή
915 2348 965 2411 μοι
988 2329 1110 2412 φράσῃς

331 2437 413 2498 ὅποι.
426 2433 576 2498 πὲτεσδαι
600 2435 732 2518 διανοεῖ;

116 2542 241 2608 Deinde
274 2541 364 2622 legas
400 2541 811 2623 Tlresmophoriazusarum
843 2541 987 2625 initium,
1025 2543 1112 2626 quod
1146 2562 1248 2625 supra
1281 2545 1345 2610 iam

114 2743 161 2798 Ad
179 2741 260 2798 finem
278 2743 432 2798 Meinekius
451 2741 521 2798 haec
539 2742 666 2798 adnotat:
689 2737 752 2799 ‘duo
772 2746 904 2814 postremi
923 2761 1020 2801 versus
1040 2763 1094 2815 quo
1113 2747 1227 2801 oonsilio
1244 2747 1345 2802 ceteris

114 2831 236 2911 adiuncti
260 2833 323 2899 sint,
350 2848 405 2887 non
430 2831 612 2902 intellegitur'.
649 2833 785 2889 Kockius:
813 2831 876 2889 ‘duo
903 2837 1017 2891 extremi
1042 2851 1136 2892 versus
1159 2852 1220 2890 cum
1246 2835 1344 2905 priori-

113 2921 167 2975 bus
185 2937 240 2975 non
258 2921 384 2976 videntur
402 2917 566 2978 cohaerere'.
603 2923 738 2991 Equidem
754 2932 864 2993 poetam
876 2925 984 2994 iocandi
1002 2926 1049 2981 illo
1068 2941 1168 2995 genere
1187 2941 1266 2980 usum
1285 2940 1346 2980 esso

115 3011 278 3066 coniecerim
297 3009 371 3077 quod
388 3014 486 3077 γρῖφος
498 3009 667 3078 grammatici
685 3016 790 3068 vocant.
829 3011 977 3080 Compares
997 3028 1066 3080 quae
1085 3013 1136 3067 h'ac
1158 3012 1193 3068 do
1214 3029 1245 3067 re
1267 3013 1344 3067 Dem.

115 3101 151 3155 de
170 3101 238 3155 eloe.
259 3100 318 3167 152,
338 3100 390 3154 153
410 3100 534 3168 exponit:
555 3094 609 3150 tou
633 3093 664 3151 δέ
686 3115 726 3158 τις
749 3096 795 3150 καί
812 3091 829 3165 ἡ
848 3093 925 3164 παρά
945 3095 997 3165 τὴν
1015 3098 1183 3162 προσδοκίαν
1199 3096 1284 3166 χάρις,
1310 3095 1346 3162 οἱς

114 3183 132 3255 ἦ
151 3188 200 3241 τοῦ
213 3185 373 3253 Κύκλωπος,
393 3179 436 3239 ὅτι
448 3178 588 3252 ,ὕστατον
606 3181 703 3251 ἔδομαι
714 3172 829 3238 Οὗτιν.“
848 3180 882 3237 οὐ
899 3183 950 3252 γάρ
969 3184 1124 3253 προσεδόκα
1136 3187 1245 3239 τοιοῦτο
1257 3183 1346 3252 ξένιον

114 3267 178 3325 οίίτε
195 3267 341 3332 Ὀδυσσεὺς
364 3265 427 3324 οὔτε
447 3266 461 3324 ὁ
480 3267 697 3338 άναγιγνάσκων·
722 3269 767 3324 καί
791 3266 806 3324 ὁ
825 3267 1016 3339 Ἀριστοφάνης
1040 3267 1084 3324 ἐπί
1098 3273 1151 3325 τοῦ
1170 3269 1344 3339 Σωκράτους,

115 3351 221 3420 ,,κηρόν
244 3350 415 3420 διατήξαςίί,
431 3352 524 3420 φησίν,
551 3347 630 3418 ,ulta
653 3351 788 3421 διαβήτην
805 3351 906 3423 λαβών,
935 3350 964 3406 ἐκ
980 3355 1029 3423 τῆς
1051 3354 1220 3421 παλαίστρας
1237 3355 1346 3422 ίμάτιυν

114 3433 262 3505 τίφείλετοίί
282 3438 327 3504 (cf.
340 3439 388 3491 Ar.
401 3437 472 3491 Nub.
491 3437 548 3505 149,
566 3437 616 3491 178
633 3438 693 3506 sq.).
711 3431 765 3505 ἤδη
776 3434 870 3503 μέντοι
886 3433 915 3490 ἐκ
933 3437 984 3491 δύο
996 3437 1088 3492 τόπων
1100 3434 1225 3493 ἐνταῦθα
1240 3437 1345 3508 ἐγένετο

113 3519 234 3593 ἡχάρις·
262 3521 296 3578 ori
314 3522 366 3592 γάρ
391 3524 468 3593 παρά
486 3524 655 3592 προσδοκίαν
678 3522 765 3590 μόνον
789 3519 936 3592 ἐπηνέχθῃ,
962 3519 1020 3576 ἄλλ’
1038 3519 1098 3576 οὐδ’
1122 3521 1272 3594 ἠκολούθει
1289 3530 1346 3587 τοῖς

113 3606 265 3676 προτέροις·
289 3604 354 3677 ἡδὲ
370 3605 486 3677 τοιαύτη
504 3605 697 3662 άνακολονθία
714 3611 835 3662 καλεῖται
852 3614 959 3677 γρῖφος,
978 3600 1068 3675 δίσπερ
1087 3603 1102 3661 ὁ
1121 3607 1197 3676 παρὰ
1216 3609 1347 3678 Σώφρονι

114 3692 271 3761 ῥητορείαν
290 3695 416 3755 Βονλίας·
441 3691 522 3748 οὐδὲν
540 3693 591 3763 γάρ
610 3690 770 3748 άκόλονθυν
788 3689 865 3767 αὐτῷ
883 3692 960 3763 λέγει·
986 3695 1032 3749 καί
1051 3694 1126 3762 παρά
1145 3694 1299 3768 Μενάνδρῳ
1317 3692 1347 3748 δὲ

114 3770 285 3843 ὁπρόλογος
309 3777 358 3844 τῆς
376 3777 543 3845 Μεσσηνίας.
580 3779 688 3833 Clarum
707 3786 799 3834 autem
817 3781 898 3836 huius
923 3783 964 3838 rei
992 3782 1145 3852 exemplum
1164 3782 1300 3836 invenitur
1317 3783 1346 3837 in
1432 3820 1434 3827 -

113 3869 162 3920 Ar.
182 3866 263 3934 Vesp.
282 3885 306 3920 v.
323 3866 374 3920 306
392 3884 446 3935 sq.:
471 3864 537 3934 ἔχεις
559 3862 587 3918 di
598 3867 601 3934 Ι
613 3867 682 3919 πίδα
699 3865 817 3936 χρηστήν
842 3887 903 3921 τινα
921 3870 977 3942 νῷν
995 3861 1129 3939 ἢίπόρον
1138 3861 1240 3931 Ἕλλας
1257 3868 1346 3937 ίερόνς

113 3951 161 4006 ubi
179 3959 262 4021 poeta
279 3952 391 4008 Pindari
411 3954 499 4010 verbis
524 3954 617 4009 iocose
641 3969 706 4008 usus
725 3955 888 4010 sententiam
908 3958 1037 4027 corrupit.
1076 3956 1120 4010 Ad
1138 3955 1239 4010 Nannii
1257 3956 1347 4011 locum

113 4057 201 4112 propo
226 4042 331 4098 accedit
353 4045 497 4099 Menandri
522 4043 646 4114 frg.154
672 4052 701 4101 et
725 4048 774 4105 Ar.
793 4045 861 4100 Ran.
880 4065 904 4104 v.
924 4046 984 4104 588.
1011 4077 1045 4089 -
1072 4046 1199 4102 Ceterum
1225 4046 1346 4101 eiusdem

113 4131 222 4200 generis
240 4132 349 4187 iocandi
368 4135 469 4190 mentio
489 4133 520 4189 fit
538 4135 567 4188 in
585 4135 807 4189 commentariolo
827 4132 887 4199 περὶ
905 4135 1048 4206 κωμῳδίας
1065 4136 1113 4191 illo
1131 4152 1213 4204 quem
1231 4135 1346 4204 legimns

114 4224 143 4274 et
161 4219 189 4272 in
202 4220 395 4290 Aristophanis
416 4223 582 4279 editionibus
601 4231 629 4278 et
647 4221 721 4291 apud
733 4221 912 4291 Bernaysium
930 4220 947 4274 l.
968 4238 988 4276 s.
1008 4239 1034 4291 p.
1056 4221 1108 4276 137
1127 4238 1166 4290 sq.
1205 4221 1265 4289 Quo
1284 4222 1345 4278 loco

112 4308 141 4363 in
154 4309 169 4378 ξ
182 4308 208 4375 3,
226 4310 273 4364 ubi
292 4305 307 4362 ὁ
325 4305 354 4362 ἐκ
371 4311 425 4363 τῶν
442 4310 610 4379 πραγμάτων
627 4310 710 4382 γέλως
721 4317 865 4378 tractatur,
883 4311 990 4380 singula
1003 4311 1061 4366 eius
1076 4327 1178 4380 genera
1192 4311 1345 4401 afferuntur

112 4415 174 4454 cum
188 4398 322 4454 aliatum
339 4399 422 4452 haec:
442 4392 471 4449 ἐκ
494 4397 544 4449 τοῦ
569 4396 645 4466 παρὰ
667 4397 835 4466 προσδοκίαν
859 4404 887 4453 et
905 4391 973 4452 ὅταν
991 4395 1178 4469 άσννάρτητυς
1196 4394 1210 4452 ὁ
1230 4399 1309 4467 λόγος
1327 4417 1345 4468 ῃ

113 4484 160 4539 καί
177 4487 315 4555 μηδεμίαν
334 4481 507 4540 άκολονθίαν
525 4483 599 4555 ἔχων.
