2926 4950
701 275 920 342 ..20..

198 475 232 536 et
255 469 459 536 Phormionis
482 491 511 535 ν.
536 470 596 536 39;

409 599 479 640 τοτα
501 581 599 640 erdem
618 580 715 652 fitium
737 583 800 641 etos
824 577 962 663 (seilicet
985 580 1079 646 amici
1102 580 1165 646 mei
1208 625 1211 631 -

605 684 709 752 Getae
732 685 831 766 servi)
856 688 973 750 deense
996 692 1085 750 audio

407 813 534 857 oaorem.

195 899 287 964 Addo
307 899 444 981 Turpilii
469 917 596 981 quoque
613 917 742 965 uersum
760 919 854 982 quem
875 899 919 966 εκ
931 900 1171 969 Boethuntibus
1187 902 1311 970 Nonius
1327 901 1428 970 affert

196 1007 238 1090 (v.
265 1006 285 1071 3
308 1007 341 1071 in
366 1007 442 1072 edit.
466 1006 590 1088 Ribb.):

407 1133 472 1174 eum
494 1117 641 1190 derepente
664 1116 765 1176 donem
786 1134 905 1177 αττοτοτττ
927 1119 1025 1180 nodio.

193 1221 310 1286 Restat
343 1239 425 1286 unus
458 1240 497 1286 ex
522 1239 605 1286 nova
638 1221 803 1287 comoedia
834 1221 934 1288 loeus.
981 1223 1018 1288 Iu
1044 1207 1184 1290 Pollucis
1213 1222 1426 1291 Onomastieo

195 1327 297 1394 Vllll.
323 1326 365 1392 65
389 1328 469 1393 haec
492 1327 662 1408 leguntur:
687 1330 734 1392 ὅτι
757 1327 791 1392 δέ
813 1331 884 1406 τοὺς
907 1327 939 1407 ἓξ
962 1329 1101 1415 χαλκοῦς
1124 1331 1320 1418 τριτημόριον
1348 1331 1424 1396 ὠνό-

193 1435 291 1520 μαζον
315 1435 396 1498 ἔστιν
420 1434 519 1517 εὑρεῖν
543 1434 575 1498 ὲν
598 1443 642 1519 τῷ
665 1433 843 1519 Φιλήμονος
867 1433 990 1520 Σαρδίῳ
1015 1436 1089 1520 (irg.
1115 1439 1182 1518 74)·

405 1542 544 1629 χαλκοῦς
567 1543 699 1628 ὀφείλεις
722 1542 813 1607 πέντε
838 1563 898 1627 μοι.
924 1541 1068 1630 μέμνησ’;
1095 1582 1133 1591 -
1159 1544 1221 1632 ἐγὼ

406 1651 453 1713 σοὶ
475 1648 568 1712 πέντε
590 1649 739 1736 χαλκοῦς,
764 1653 801 1715 οὺ
826 1650 859 1715 δέ
882 1649 1013 1738 <uhioni
1036 1655 1228 1741 τριτὴμορον.

405 1761 476 1834 τοὺς
499 1756 532 1835 ἓξ
554 1759 691 1836 ἀποδοὺς
714 1763 784 1837 τοὺς
808 1761 899 1826 πέντε
923 1762 1064 1848 χαλκοῦς
1087 1761 1238 1848 ἀπόλαβε.

191 1865 292 1943 Quem
318 1865 359 1930 ad
378 1864 482 1930 loeum
507 1871 657 1948 spectare
681 1886 740 1933 suo
756 1868 827 1933 iure
852 1869 913 1935 viri
937 1871 1022 1936 docti
1040 1871 1248 1936 coniecerunt
1272 1887 1312 1933 ea
1337 1886 1424 1951 quae

191 1973 410 2055 Harpocratio
429 1972 502 2052 178,
522 1975 560 2038 11
578 1973 692 2040 affert:
717 1977 764 2039 ὅτι
778 1976 971 2062 τριτημόριόν
988 1978 1068 2042 ἑστιν
1085 1975 1117 2055 ἓξ
1132 1975 1252 2064 χαλκοῖ
1265 1973 1423 2061 Φιλήμων

191 2081 223 2144 ἐν
239 2081 324 2165 ἀρχῇ
339 2087 393 2142 τοῦ
410 2077 553 2163 Σαρδίου.
578 2080 663 2146 Illud
679 2086 788 2147 autem
806 2084 1000 2166 principium
1016 2085 1176 2151 illustrari
1192 2082 1272 2148 mihi
1287 2082 1424 2148 videtur

191 2186 337 2251 Terentii
352 2185 556 2268 Phormione,
581 2207 664 2270 quae
688 2207 708 2254 a
732 2208 768 2256 re
791 2189 955 2257 simillima
977 2191 1104 2258 initium
1122 2191 1218 2273 capit.
1259 2188 1424 2256 conferas

190 2313 219 2358 v.
244 2291 287 2359 35
311 2311 375 2375 κατ

403 2405 525 2468 Amicos
547 2425 676 2470 sommus
698 2426 778 2470 awos
800 2412 998 2484 denotares
1023 2408 1096 2470 Gelo
1192 2438 1195 2445 ·

402 2514 464 2573 heri
487 2515 527 2573 od
548 2532 592 2574 me
613 2517 699 2574 uenit.
723 2519 785 2574 ατοῦ
807 2517 835 2574 ei
857 2517 891 2574 de
912 2517 1080 2575 ratiuncula

401 2623 595 2695 iampridem
617 2623 698 2696 epod
718 2640 762 2682 ττττ
784 2625 920 2683 relicuom
936 2623 1138 2696 pauxillulum

405 2750 607 2791 nummorum:
628 2733 662 2792 td
682 2736 714 2791 ut
736 2732 906 2805 conficerem.
930 2732 1056 2808 eonseoe':
1077 2729 1188 2803 adfero.

189 2834 304 2901 deinde
328 2841 501 2918 postquam
526 2836 611 2902 Geta
635 2855 652 2902 e
676 2838 769 2903 domo
792 2854 989 2918 progressus
1015 2840 1082 2900 est:

866 2944 968 3016 wahe,
994 2961 1051 3002 em:

402 3050 714 3110 accommodaverant
735 3067 872 3110 καττττττε
895 3053 1035 3122 quantem
1059 3049 1150 3108 debut

187 3153 224 3217 In
258 3152 365 3220 sardii
402 3171 530 3235 quoque
566 3152 658 3218 initio
695 3171 803 3219 servos
837 3171 936 3235 agere
969 3171 1033 3216 non
1066 3151 1160 3217 modo
1194 3168 1233 3215 ex
1264 3148 1417 3217 similitu-

187 3259 261 3326 dine
294 3278 378 3342 quae
411 3259 536 3325 duobus
564 3259 615 3325 his
644 3259 786 3325 exordiis
819 3264 879 3340 est,
915 3260 972 3326 sed
1006 3258 1167 3324 etiamen
1193 3256 1414 3340 „pauxillula“

185 3369 331 3449 petuma,
358 3367 448 3437 ouius
472 3369 592 3433 mentio
615 3365 662 3447 fit,
687 3353 795 3448 colligi
819 3383 916 3448 posse
931 3366 1072 3431 videtur.
1112 3365 1291 3430 Praeterea
1308 3363 1415 3429 Phile

186 3477 289 3541 monis
314 3493 442 3557 quoque
466 3472 576 3540 fabula
595 3471 750 3539 habuisse
766 3475 895 3540 videtur
916 3473 1160 3559 ἀναγνωρισμῦν.
1206 3471 1310 3548 Recte
1332 3473 1414 3543 euim

185 3581 328 3648 Kookius
353 3579 521 3648 adnotavit
536 3579 720 3663 significare
737 3579 891 3666 Σοὶρδτον1
916 3599 1023 3647 vocem
1039 3579 1170 3646 anulum
1187 3577 1413 3659 signatorium.

185 3688 265 3754 Inde
288 3696 397 3755 autem
421 3707 485 3753 nou
509 3688 579 3753 sine
595 3687 877 3755 verisimilitudine
893 3687 1042 3754 eonioero
1058 3685 1136 3752 mihi
1153 3683 1266 3749 videor
1282 3684 1415 3750 duxisse

184 3796 268 3861 hane
290 3796 488 3862 Philemonis
517 3794 660 3861 fabulam
690 3815 804 3862 nomen
837 3813 876 3861 ea
900 3814 937 3861 ex
962 3814 999 3860 re
1023 3813 1061 3859 ex
1086 3812 1149 3876 qua
1172 3792 1206 3856 in
1228 3789 1321 3856 exitu
1352 3789 1415 3856 duo

184 3900 330 3966 homines
354 3900 440 3966 alter
464 3898 603 3965 alterum
620 3900 850 3983 agnoscebant,
876 3901 961 3984 quod
986 3917 1199 3982 quamsaepe
1223 3895 1348 3963 iactum
1373 3896 1416 3964 sit

184 4027 276 4075 nemo
318 4008 459 4091 ignorat.
522 4008 574 4075 Sie
612 4007 785 4086 Δακτῦλιος
822 4028 936 4075 nomen
976 4007 1039 4073 fuit
1077 4004 1228 4070 Timoelis
1268 4003 1415 4071 Alexidis

183 4116 352 4197 Amphidis
384 4115 555 4180 Menandri
584 4115 724 4182 fabulae.
778 4117 882 4182 Multo
914 4116 1018 4180 minus
1051 4118 1170 4192 autem,
1205 4111 1269 4176 uisi
1304 4108 1414 4189 fallor,
1458 4150 1460 4186 ;

182 4220 298 4287 Koekii
329 4219 492 4287 sententia
523 4219 703 4301 probabilis
738 4225 806 4301 est,
852 4218 907 4301 qui
940 4224 1172 4284 testamentum
1207 4216 1415 4301 sardonyche
1456 4208 1460 4215 ’

290 4465 442 4535 1Σάρδιοτ
468 4464 553 4532 enim,
580 4481 635 4520 non
664 4464 793 4535 Σάρδιος,
820 4445 875 4515 fuit
902 4460 1040 4528 antiquior
1070 4458 1165 4513 forma.
1216 4458 1256 4513 uf.
1279 4459 1415 4530 Stephani
1458 4536 1460 4547 Ι

181 4561 347 4614 thesaurum.
