2910 4942
580 246 798 312 ..67-

72 440 167 520 ‘Quae
196 442 298 510 multo
328 443 434 508 minus
457 442 490 506 in
513 440 653 507 hominis
676 438 772 506 liberi
796 457 893 522 qnam
915 440 949 505 in
973 438 1060 505 servi
1083 437 1302 506 condicionem

77 551 249 631 quadrant,
270 551 375 633 quetis
391 555 443 616 est
463 549 518 617 itte
536 568 630 632 quem
646 548 681 613 in
696 547 914 615 Menaechmis
931 546 973 613 ah
989 548 1148 615 obsonetu
1164 546 1302 614 redeun-

75 658 142 720 tem
165 657 314 723 andimus
337 655 417 742 (274
441 653 524 741 sq.):

289 766 371 824 Bene
395 767 533 842 opsonavi
555 769 639 838 atque
662 783 696 824 eu
717 782 781 825 mea
803 767 961 826 sententia:

288 875 395 932 honum
416 878 589 946 anteponam
605 876 768 948 prandium
784 876 989 947 pransoribus.

287 981 339 1040 sed
360 999 454 1040 eonem
477 981 697 1040 Menaechmum
718 983 810 1041 otdeo.
834 999 887 1042 ooo
909 986 987 1056 torpe
1008 998 1086 1040 nno:

283 1091 371 1160 prius
394 1090 455 1146 mm
477 1089 612 1148 eouoioae
635 1089 820 1148 obambulant
840 1093 908 1148 onte
931 1091 1043 1158 ostium,

283 1214 373 1268 onom
396 1213 446 1270 epo
470 1199 611 1270 opsonatu
634 1196 724 1255 redeo.

75 1297 232 1364 Similiter
262 1297 326 1363 elio
356 1297 541 1380 fragmento
567 1298 623 1365 ille
647 1297 820 1365 Arehediei
851 1316 974 1381 coquus
1001 1298 1150 1380 queritur
1172 1295 1300 1380 (Athen.

75 1406 139 1473 vn
160 1407 225 1474 292
233 1405 284 1494 e):

101 1545 105 1553 -
470 1523 593 1599 πρῶτον
616 1515 710 1600 ὠμῶν
733 1513 884 1600 κειμένων

287 1631 348 1688 τῶν
372 1623 491 1710 ἰχθύων
515 1625 655 1710 πάρεισιν
679 1625 708 1688 ot
730 1622 919 1709 κεκλημένοι
941 1621 1010 1688 κτλ.

73 1730 191 1812 Iteqne
214 1730 295 1797 setis
318 1731 510 1798 verisimile
535 1738 596 1811 est,
621 1732 654 1797 id
678 1733 764 1814 quod
787 1750 888 1814 supra
912 1729 1117 1813 senissimus,
1141 1730 1302 1800 Athenaei

74 1834 131 1900 illa
159 1853 223 1900 non
253 1837 457 1918 grammatici
488 1836 624 1902 alieuius
647 1835 765 1903 iudicio
788 1836 859 1916 niti,
890 1838 948 1903 sed
972 1839 1143 1923 desumpta
1168 1833 1240 1906 esse
1263 1857 1303 1906 en

73 1941 145 2024 ipso
175 1949 283 2024 poete,
318 1945 374 2026 qui
397 1944 571 2011 veritatem
604 1962 667 2009 non
698 1944 746 2009 ite
775 1941 921 2009 curabat.
969 1944 1039 2010 Hae
1070 1948 1178 2010 antem
1202 1962 1242 2010 ex
1264 1963 1302 2011 re

74 2058 214 2132 apparet
239 2072 335 2136 quem
358 2053 485 2120 ineerta
508 2053 553 2119 sit
575 2051 740 2134 Ledenigi
764 2050 951 2117 coniectura
975 2050 1104 2134 (Philei.
1129 2051 1145 2116 Ι
1168 2070 1199 2132 p.
1222 2050 1302 2136 288)

75 2154 130 2236 qui
154 2153 314 2221 Athenaei
342 2157 493 2224 hocloco
517 2158 609 2225 nisus
632 2158 871 2238 Menaechmos
905 2175 968 2240 qne
992 2157 1023 2221 in
1048 2154 1158 2227 tabula
1182 2176 1302 2240 nequas

73 2278 189 2326 servus
221 2263 342 2344 prodit,
379 2283 418 2330 en
440 2265 608 2348 Posidippi
640 2267 788 2347 exempto
818 2283 1006 2348 expressam
1031 2282 1103 2330 esse
1127 2266 1301 2331 contendit.

73 2403 118 2416 -
141 2368 235 2434 Telie'
258 2377 366 2439 entem
391 2372 500 2455 qualia
523 2373 557 2438 in
572 2373 739 2455 Posidippi
761 2372 817 2438 illo
840 2372 976 2454 prologo
991 2370 1093 2439 inisse
1110 2371 1303 2439 oenieeimus

73 2477 264 2559 saepissime
295 2485 471 2546 occurrunt
501 2478 534 2543 in
564 2480 709 2562 prologis
740 2479 879 2546 comicis.
932 2479 1039 2561 Leges
1070 2481 1176 2546 Pleut.
1201 2480 1300 2545 Mene.

72 2601 193 2649 versus
217 2584 339 2666 primos
363 2585 427 2671 (ed.
454 2585 586 2667 Goetz):

135 2693 138 2699 ’
288 2697 376 2756 Duos
398 2713 444 2756 res
468 2697 556 2756 simut
577 2714 655 2754 nmen
677 2713 761 2770 opere
784 2695 951 2754 deoretunnst
972 2695 1061 2755 mihi:

287 2804 313 2858 et
335 2806 535 2875 ornamentum
557 2807 584 2860 et
605 2819 682 2862 meos
705 2819 816 2861 umores
840 2803 974 2877 eloquam·

287 2908 340 2966 etsu'
361 2909 413 2967 hoo
429 2925 539 2982 porum
561 2909 652 2969 herote
674 2927 752 2968 more
774 2911 919 2968 motorum
941 2910 1044 2980 u'nstttu',

280 3029 339 3084 pro
360 3031 424 3072 meo
440 3031 569 3088 persono
592 3020 624 3075 ut
645 3018 702 3076 eim
725 3017 765 3075 oot
786 3034 836 3076 oos
859 3017 947 3076 indeo
970 3016 1044 3077 ilico.

133 3113 173 3178 12
197 3133 262 3198 sq.:
287 3137 347 3178 non
369 3137 419 3195 epo
441 3123 509 3181 item
523 3122 617 3197 focio,
642 3127 675 3182 ut
697 3124 772 3184 otios
795 3125 828 3183 in
850 3123 1003 3183 omnoedte's

286 3230 316 3286 ot
337 3228 399 3286 otott
421 3230 530 3288 amoris
545 3228 656 3303 faeere,
679 3231 730 3302 qut
753 3234 805 3288 out
828 3229 914 3289 Nooti
937 3234 989 3288 out
1010 3232 1067 3290 Dte·

287 3340 339 3394 out
361 3335 426 3396 Soli
448 3341 500 3396 out
524 3337 631 3398 Dunoe
652 3340 785 3399 misertas
808 3343 934 3398 narrant
956 3355 1032 3398 setas.

73 3437 111 3502 In
136 3437 381 3520 Amphitruonis
405 3439 541 3522 prologo
564 3443 748 3509 Mercurius
771 3444 848 3508 haee
872 3443 1001 3525 profert
1023 3440 1078 3528 (41
1103 3443 1184 3529 sq.):

287 3568 356 3609 nom
378 3551 451 3623 quid
471 3567 522 3626 epo
543 3570 694 3612 memorem
718 3554 763 3630 (ut
785 3554 860 3613 otios
883 3555 916 3613 tn
938 3555 1093 3629 tropoeeiiu's

289 3655 359 3724 uiuit,
382 3657 549 3728 Neptunum
577 3641 716 3720 Virtutem
744 3661 901 3722 Victoriam

289 3763 417 3821 Mortem
441 3765 604 3836 Bellonam,
628 3783 846 3826 emnuuemorore
868 3783 940 3839 quoe
962 3767 1038 3824 hono

40 3950 44 3956 ·
287 3871 366 3929 oobt's
382 3871 537 3946 fecissent)
585 3919 591 3932 .
639 3916 645 3930 .
693 3919 699 3932 .
748 3919 754 3932 .

73 3974 112 4039 In
136 3972 420 4040 Menaechmorum
444 3975 579 4056 prologo
603 3974 678 4041 inde
702 3993 722 4040 e
744 3995 774 4041 ν,
799 3974 818 4039 i
843 3975 923 4041 haee
946 3975 1117 4057 leguntur:

286 4090 371 4158 atque
393 4087 445 4146 hoe
461 4092 564 4159 poetae
578 4088 699 4163 fooiunt
721 4088 754 4146 in
776 4085 944 4146 oomoeotu'ie:

289 4195 382 4253 omnis
405 4212 451 4253 res
472 4199 568 4268 pestus
591 4211 651 4254 esse
673 4192 796 4253 Athenis
819 4197 980 4263 autumant,

287 4317 344 4372 quo
367 4301 447 4360 oobu‘s
471 4302 548 4360 tttuo
567 4318 702 4376 praecum
724 4301 856 4359 videatur
877 4302 979 4375 mepte.

287 4424 336 4481 epo
361 4424 505 4480 nusquam
528 4409 630 4476 dueum,
652 4409 714 4466 nist
734 4408 785 4466 uhi
799 4406 917 4481 footmn
939 4406 1054 4467 dieitur.

70 4507 118 4577 Ut
140 4515 267 4577 eeteros
291 4509 388 4577 huius
409 4510 539 4593 generis
555 4511 643 4578 loeas
659 4517 795 4593 praeter
811 4529 908 4576 unum
924 4528 1009 4576 nune
1025 4512 1298 4594 praetermittam,
