2910 4942
684 226 881 288 ‚4-

171 428 305 504 recepta
329 440 401 488 esse
425 420 604 503 putandum
627 425 688 486 est.
727 421 777 486 De
792 420 929 503 prologo
953 419 1014 486 boc
1031 418 1234 485 efficiendum
1262 423 1318 486 est
1336 438 1411 485 cunr

171 530 244 596 aliis
278 548 316 594 ex
339 527 440 595 rebus
472 535 541 594 tum
575 548 614 594 ex
646 529 748 610 ipsius
773 528 960 595 Aristotelis
983 528 1093 594 verbis
1127 547 1210 611 quae
1244 529 1411 612 leguntur

172 635 203 699 in
227 636 317 702 Poet.
343 655 412 717 cap.
430 637 477 702 V:
506 636 550 713 τίς
573 637 608 700 δὲ
631 636 785 720 πρόσωπα
809 636 974 701 ἀπέδωκεν
998 639 1018 722 ἢ
1044 637 1217 723 προλόγους
1242 641 1265 724 ἢ
1291 640 1411 726 πλήθη

171 743 347 828 ὑποκριτῶν
371 746 425 808 καὶ
455 746 514 807 ὅσα
538 754 674 826 τοιαῦτα,
707 744 865 831 ἠγνόηται.
913 745 1046 812 Scaenis
1077 754 1187 812 autem
1217 747 1287 813 illis
1321 767 1412 830 quae

172 858 247 932 post
269 851 455 932 parabasim
480 852 671 934 plerumque
695 853 822 934 positae
846 853 936 935 ipsae
961 873 1089 936 quoque
1115 854 1172 920 illo
1196 861 1305 920 metro
1333 874 1412 921 con-

172 958 316 1041 scriptae
340 963 416 1025 sunt
437 960 522 1042 quod
538 959 766 1040 extragoedia
789 959 917 1026 demum
933 961 966 1024 in
991 962 1188 1028 comoediam
1204 963 1412 1028 translatum

174 1084 246 1132 esse
262 1066 403 1148 videtur,
428 1086 558 1149 semper
574 1065 645 1133 fere
670 1067 793 1150 aliquid
809 1067 896 1134 inest
911 1069 997 1134 unde
1013 1069 1203 1152 tragoediae
1219 1070 1413 1138 imitatione

173 1191 229 1239 eas
252 1173 313 1239 niti
337 1173 487 1255 cognosci
517 1180 636 1255 potest.
684 1173 737 1240 Sic
766 1173 800 1238 in
823 1173 942 1255 Vespis
973 1173 1049 1239 inde
1073 1194 1102 1238 a.
1127 1194 1155 1239 1.
1183 1175 1270 1242 1292
1300 1197 1413 1261 usque

173 1278 215 1345 ad
234 1299 263 1344 1.
291 1281 376 1345 1449
401 1287 434 1346 11
457 1281 533 1346 inde
556 1299 620 1346 av.
641 1281 727 1345 1474
750 1299 853 1363 usque
877 1282 917 1347 ad
934 1301 962 1344 ν.
984 1281 1244 1349 1515Χ111111111
1270 1287 1413 1353 easdem

173 1393 287 1469 partes
321 1389 391 1470 agit
426 1407 507 1470 qiras
541 1389 574 1453 in
610 1388 781 1472 tragoedia
811 1387 987 1474 ἑξάγνελος.
1034 1389 1173 1456 Nuntiat
1197 1409 1283 1473 quae
1318 1394 1415 1460 mala

173 1494 261 1560 intus
291 1493 379 1561 facta
409 1494 486 1573 sint,
518 1495 634 1561 deinde
665 1513 766 1561 senex
788 1495 859 1577 ipse
891 1495 931 1559 de
955 1493 1205 1576 quonuntiavit
1233 1493 1267 1558 in
1293 1498 1415 1580 populi

174 1606 381 1683 conspectum
405 1603 502 1667 venit.
558 1601 685 1666 Chorus
717 1606 826 1665 autem
857 1600 954 1680 plane
984 1605 1021 1664 ut
1051 1599 1197 1680 tragicus
1230 1599 1309 1666 inde
1335 1621 1359 1667 a
1385 1622 1414 1670 1.

176 1708 263 1773 1450
294 1709 454 1774 canticum
486 1709 605 1774 recitat
634 1709 720 1789 quod
752 1707 785 1771 in
808 1725 1024 1788 personarum
1054 1707 1234 1787 primarum
1268 1705 1415 1774 fortuna

175 1820 274 1896 atque
291 1816 478 1881 condicione
495 1814 731 1881 consideranda
745 1820 898 1879 versatur
910 1811 930 1877 ¹.
961 1813 1109 1895 Exempli
1127 1813 1235 1895 gratia
1251 1815 1414 1882 conferas

175 1921 373 2004 Euripideae
397 1923 537 1989 Alcestis
560 1940 711 1988 scaenam
734 1921 822 1987 illam
846 1939 930 2003 quae
953 1920 1068 2001 incipit
1091 1921 1165 1986 inde
1188 1939 1252 1986 11.
1280 1923 1352 1989 747
1380 1931 1415 1991 11

175 2029 376 2111 Sophocleae
393 2029 509 2112 Oedipi
529 2029 617 2112 regis
633 2046 748 2094 versus
771 2028 847 2094 inde
871 2048 891 2093 1
911 2028 1006 2092 1223.
1025 2028 1222 2094 -Restant
1245 2031 1412 2112 paredus,

176 2155 271 2216 agon,
295 2137 475 2219 parabasis.
497 2179 501 2185 -
525 2135 671 2201 Parodus
694 2134 727 2198 in
752 2131 899 2198 omnibus
919 2132 1149 2215 Aristophanis
1172 2133 1296 2202 fabulis
1323 2157 1413 2222 quae

175 2245 286 2326 priore
310 2245 380 2310 eius
404 2249 514 2309 aetate
537 2243 682 2325 scriptae
706 2247 782 2306 sunt
803 2247 870 2306 tam
894 2247 967 2306 arte
997 2259 1069 2306 cum
1092 2243 1227 2324 prologo
1244 2243 1413 2313 cohaeret

176 2357 211 2416 et
233 2355 406 2429 tantopere
436 2365 475 2411 ex
504 2345 560 2411 illo
591 2347 721 2428 pendet,
753 2353 790 2412 ut
820 2345 916 2412 simul
946 2353 1025 2413 nata
1057 2367 1130 2414 esse
1162 2352 1330 2417 censenda
1356 2354 1412 2420 sit.

177 2457 364 2538 composita
387 2459 496 2520 autem
520 2460 571 2520 est
595 2456 635 2520 ad
659 2451 830 2536 parabasis
855 2455 1046 2536 exemplum,
1070 2456 1118 2521 ita
1140 2463 1249 2522 tamen
1274 2464 1314 2524 ut
1338 2460 1413 2528 eius

177 2565 267 2647 leges
290 2581 354 2628 non
378 2567 530 2628 accurate
554 2560 794 2643 diligenterque
818 2560 1043 2629 observentur.
1091 2562 1181 2629 Idem
1208 2564 1241 2627 in
1265 2583 1412 2648 agonem

100 2730 104 2738 .
178 2671 276 2750 cadit,
301 2690 396 2753 quern
421 2677 454 2735 11
477 2672 583 2752 ipsum
606 2669 693 2735 haud
717 2668 765 2733 111
787 2673 952 2739 vetustum
969 2687 1042 2735 esse
1067 2670 1177 2736 multis
1201 2675 1413 2751 argumentis

177 2779 313 2861 probari
344 2783 463 2859 potest.
512 2778 655 2856 Quorum
688 2775 916 2859 gravissimum
947 2776 981 2842 id
1012 2782 1063 2842 est
1095 2779 1180 2859 quod
1213 2797 1276 2844 non
1312 2783 1413 2849 modo

178 2881 408 2969 antiquissima
420 2903 516 2967 quam
532 2884 688 2950 habemus
705 2881 826 2964 fabula,
844 2883 1082 2962 AcharnenseS,
1099 2884 1158 2950 sed
1174 2884 1259 2950 aliae
1275 2905 1413 2971 quoque

178 2994 240 3061 hac
271 2998 367 3074 parte
391 3010 528 3074 prorsus
561 2997 684 3057 carent.
732 2992 821 3069 Quae
854 3009 925 3055 cum
959 2991 1006 3055 ita
1032 2992 1108 3072 sint,
1141 2998 1231 3058 recte
1254 2993 1413 3080 plerique

178 3098 240 3165 1111
264 3099 350 3164 docti
375 3118 414 3165 11
436 3099 468 3164 in
494 3117 530 3164 re
554 3098 641 3162 inter
665 3116 700 3162 se
724 3097 932 3164 consentiunt
956 3099 1041 3180 quod
1066 3100 1251 3165 comoediae
1276 3105 1413 3181 qualem

178 3227 237 3274 nos
267 3207 414 3274 novimus
437 3204 691 3271 vetustissimam
715 3210 843 3286 partem
875 3223 948 3270 esse
978 3206 1184 3273 arbitrantur
1207 3205 1413 3291 parabasim‚

180 3335 263 3399 qnae
287 3314 387 3381 certis
404 3306 604 3396 *quibusdam
634 3311 761 3391 legibus
785 3310 890 3392 iisque
920 3328 1050 3392 semper
1080 3313 1329 3380 accuratissime
1354 3319 1414 3385 ob·

179 3422 318 3490 servatis
343 3421 520 3503 composita
545 3424 605 3484 est.
645 3418 765 3483 Iamsi
790 3418 830 3484 de
846 3418 1141 3485 vetustissimarum
1166 3422 1414 3492 comoediarum
1437 3435 1440 3444 '

178 3529 284 3596 forma
308 3530 412 3612 qualis
436 3526 537 3592 fuerit
553 3527 772 3592 coniecturam
787 3526 967 3609 periclitari
992 3527 1078 3606 licet,
1102 3527 1255 3593 videntur
1272 3539 1415 3611 praeter

178 3639 365 3720 parabasim
389 3634 469 3701 nibil
485 3634 639 3700 habuisse
655 3634 718 3700 nisi
735 3635 958 3700 cavillationes
978 3640 1078 3716 atque
1093 3634 1231 3703 facetias
1247 3638 1414 3708 adversus

180 3746 334 3828 populum
366 3743 522 3826 prolatas.
582 3742 658 3808 Fuit
692 3749 801 3808 autem
839 3743 920 3809 baec
958 3763 997 3809 ea
1035 3750 1127 3810 aetas
1165 3763 1229 3826 qua
1264 3748 1415 3815 nondum

180 3855 312 3919 inventa
334 3857 439 3929 erant,
470 3856 507 3915 ut
529 3848 725 3914 Aristoteles
749 3849 805 3928 111,
830 3848 984 3933 πρόσωπα
1008 3857 1041 3913 11
1065 3848 1213 3935 πρὸλογοι
1237 3857 1271 3915 11
1294 3851 1414 3943 πλήθη

180 3962 365 4045 ὑποκριτῶν.
415 3959 506 4023 Hanc
530 3963 639 4021 autem
663 3962 805 4022 aetatem
828 3975 891 4021 non
915 3957 962 4022 ita
985 3956 1081 4039 longe
1106 3976 1125 4022 a
1148 3955 1233 4022 bello
1250 3958 1415 4042 Pelopon·

283 4159 298 4199 ·¹
318 4156 432 4211 Omnino
460 4170 567 4224 semper
593 4155 621 4209 in
648 4155 690 4209 his
716 4153 821 4209 scaenis
847 4154 946 4208 chorus
972 4154 1102 4207 comicum
1125 4167 1269 4220 personam
1293 4168 1416 4221 prorsus

181 4248 265 4302 abicit
291 4254 319 4302 et
346 4248 450 4315 tragico
478 4262 554 4301 more
579 4245 643 4314 agit.
680 4244 750 4298 Nam
775 4259 864 4311 neque
889 4259 1006 4311 unquam
1032 4244 1086 4312 ipsi
1106 4243 1207 4297 actioni
1226 4258 1256 4297 11
1275 4242 1416 4302 immiscet

182 4336 255 4404 quod
274 4337 411 4405 inpriore
430 4335 539 4390 fabulae
557 4341 636 4404 parte
654 4334 746 4389 iacere
765 4335 843 4401 solet,
862 4349 950 4401 neque
969 4348 1002 4386 ex
1021 4332 1244 4387 Acharnensibus
1262 4332 1305 4386 111
1323 4333 1415 4404 Equi·

181 4426 253 4481 tibus
281 4427 323 4480 111
342 4425 466 4479 Nubibus
493 4426 535 4478 vel
555 4425 653 4493 Vespis
679 4424 722 4478 vel
748 4423 875 4493 agricolis
895 4429 1015 4477 constat:
1043 4428 1106 4476 sunt
1125 4421 1194 4474 nihil
1212 4421 1266 4474 nisi
1284 4422 1415 4481 homines

9 4496 17 4507 ”
77 4560 158 4624 ..ι
183 4517 229 4585 qui
248 4530 368 4585 eaquae
387 4516 415 4567 in
435 4529 534 4570 scaena
553 4518 668 4584 aguntur
687 4519 813 4580 spectant
832 4521 859 4568 et
879 4514 966 4567 animo
986 4530 1035 4567 suo
1056 4513 1215 4567 deliberant.
