2910 4942
607 192 827 256 -22-

106 387 327 470 reperiuntur.
398 384 704 452 Luculentissimum
747 384 928 465 exemplum
976 384 1147 466 praebent
1195 383 1330 450 Theano

106 494 323 577 phoriazusae
346 493 587 575 Aristophanis.
636 491 793 558 conferas
818 511 846 555 ν.
872 491 890 555 1
916 509 981 573 aq.:

320 599 362 664 *il
385 600 456 683 Ζεῦ,
480 598 616 686 χελιδὼν·
637 598 698 683 οἱροί
722 619 797 662 ποτε
820 599 1010 684 φανήσεται;

321 707 435 772 ἀπολεῖ
456 705 487 792 μ’
509 707 613 771 ἀλοῶν
638 706 806 791 ἅνθρωπος
829 705 862 784 ἐξ
885 705 1030 774 ἑωθινοῦ.

321 815 385 881 οῖον
408 837 451 898 τε,
475 818 546 901 πρὶν
569 819 622 881 τὸν
646 815 772 902 σπλῆνα
795 815 909 901 κομιδῆ
934 813 969 898 μ’,
988 812 1154 899 ἐκβαλεῖν,

314 926 408 1008 παρὰ
431 932 488 988 οοῠ
512 922 685 1006 πυθέσθαι,
709 932 766 987 ποῖ
787 921 818 1008 μ’
842 926 937 1008 ἄγεις,
962 921 986 984 ὦ
1007 919 1189 1006 Εὐριπίδη,

109 1037 143 1109 et
166 1051 195 1097 v.
221 1031 280 1097 26:

256 1174 298 1184 -
324 1137 396 1224 ὁρᾷς
419 1140 454 1201 τ“ο
478 1137 587 1222 θύριον
610 1146 718 1220 τοῦτο,
742 1173 784 1184 -—
808 1139 854 1221 νη·
870 1136 922 1199 τὸν
945 1132 1107 1218 Ἡρακλέα

258 1493 298 1504 -—
323 1456 432 1522 ἐνθάδ’
454 1457 607 1544 Ἀγάθων
630 1459 648 1522 ὁ
672 1456 793 1533 κλεινὸς
816 1457 911 1522 οἰκῶν
934 1454 1082 1541 τυγχάνει

322 1564 604 1652 οτραγῳδοποιὸς.
631 1603 671 1612 -
696 1574 784 1642 ποῖος
807 1567 895 1641 οὗτος
919 1563 1070 1650 ἀγαθον,
1205 1575 1207 1579 ’

111 1670 204 1736 Addo
227 1672 392 1738 Ranarum
416 1673 594 1753 exordium,
619 1674 673 1738 ubi
696 1672 844 1739 Bacchus
869 1691 940 1738 curn
956 1669 1100 1737 Xanthia
1122 1671 1171 1736 ad
1197 1671 1346 1738 Herculia

112 1777 222 1844 ionum
245 1777 452 1860 proficiscens
475 1782 509 1846 in
532 1799 681 1847 scaenam
706 1780 826 1862 prodit.
874 1778 985 1845 Simile
1013 1777 1137 1860 aliquid
1165 1778 1345 1844 invenimus

111 1884 145 1948 in
159 1883 307 1953 Nubibus
324 1906 471 1970 quoque3
496 1886 541 1954 ibi
567 1887 650 1954 enim
666 1887 743 1953 inde
767 1905 787 1952 a
802 1906 830 1953 v.
845 1885 888 1950 92
904 1884 1113 1966 Strepsiadea
1129 1883 1204 1951 filio
1222 1886 1345 1952 domum

113 1992 258 2060 Socratis
281 2000 459 2075 monstrat3
485 2014 678 2078 quamquam
705 1994 770 2060 alia
792 1994 946 2062 nonnulla
969 1993 1030 2060 hoc
1052 1993 1123 2059 loco
1150 1993 1220 2058 iam
1259 2011 1345 2076 pree

108 2108 293 2183 cesserunt.
340 2101 454 2186 Neque
485 2104 599 2168 Avium
628 2101 756 2167 initium
787 2099 943 2166 dissimile
976 2105 1043 2181 est,
1078 2100 1135 2166 ubi
1168 2099 1346 2182 Euelpides

114 2214 147 2273 et
163 2207 372 2276 Pithetaerus
397 2212 501 2276 avium
528 2211 622 2277 sedes
644 2213 771 2292 petunt,
795 2208 843 2274 ita
866 2213 974 2273 tamen
997 2212 1035 2272 ut
1058 2211 1181 2272 neuter
1206 2204 1346 2288 regionis

113 2320 249 2400 viaeque
273 2319 355 2385 satis
378 2319 506 2402 peritus
529 2319 582 2385 ait.
902 2317 903 2320 ’

221 2423 286 2489 Sed
310 2424 480 2504 tragoedia
496 2442 624 2506 quoque
640 2422 702 2489 hac
718 2421 846 2488 ratione
869 2439 930 2488 usa
950 2426 1010 2500 eat,
1035 2419 1241 2503 quamquam
1266 2422 1345 2488 inter

114 2531 314 2612 tragicorum
345 2536 379 2596 et
411 2531 605 2597 comicorum
637 2535 809 2613 poetarum
842 2549 935 2597 usum
969 2514 1145 2608 nonnihil‚'
1172 2535 1214 2595 ut
1250 2531 1347 2608 decet,

115 2640 296 2709 intercedit.
342 2639 526 2707 Reseranda
550 2640 613 2707 huc
637 2644 714 2707 sunt
736 2638 829 2704 initia
853 2637 1108 2720 Sophoclcarum
1133 2635 1301 2704 Electrae
1323 2642 1348 2703 et

115 2747 327 2816 Philoctetae.
379 2749 449 2815 Illic
481 2750 702 2830 paedagogus,
738 2746 793 2829 qui
822 2752 874 2812 est
904 2744 1031 2810 itineris
1060 2743 1135 2825 dux,
1174 2743 1294 2812 Oresti
1323 2749 1348 2810 el

43 2933 45 2937 ¹
116 2853 357 2937 spectatoribus
374 2855 541 2937 regionem
563 2852 729 2920 describit.
765 2852 855 2917 Idem
871 2851 903 2914 in
919 2849 1103 2916 Philocteta
1118 2849 1239 2919 Ulixes
1257 2852 1348 2919 facit:

330 2960 430 3047 Ἀκτη
454 2963 511 3048 μὲν
535 2962 591 3047 ἥδε
614 2972 668 3048 τῆς
692 2959 874 3045 περιρρύτου
897 2958 1015 3044 χθονὸς

330 3064 469 3151 Λήμνου,
495 3065 614 3151 βροτοῖς
638 3070 783 3142 ἄστικτος
807 3062 872 3128 οὐδ’
894 3062 1070 3151 οἰκουμένη.

118 3174 318 3252 Quamquam
342 3178 481 3253 utraque
505 3171 626 3253 fabula,
650 3173 679 3240 si
702 3174 832 3257 quidem
857 3180 947 3240 recte
970 3171 1245 3240 Wilamowitzius
1263 3175 1348 3242 Elec·

119 3288 204 3347 tram
238 3279 325 3344 inter
360 3279 561 3361 posteriores
596 3287 713 3363 poetae
749 3281 877 3348 fabulas
913 3279 1036 3361 retulit,
1073 3286 1187 3346 aetate
1216 3280 1348 3349 inferior

120 3396 171 3455 est
199 3376 372 3454 comoediis
401 3387 520 3467 allatis,
556 3390 671 3456 saltem
694 3389 851 3457 Nubibus.
899 3388 1005 3454 Unum
1030 3393 1138 3452 autern
1165 3391 1348 3472 exemplum

118 3496 199 3561 illud
230 3494 485 3577 quodforsitan
517 3497 589 3578 quis
620 3495 769 3562 conferre
804 3496 884 3562 velit
916 3496 1013 3562 aliter
1036 3504 1269 3577 comparatum
1296 3502 1348 3564 eat.

119 3604 198 3669 Dico
224 3601 422 3686 Aeschyleae
445 3602 631 3668 Promethei
655 3600 859 3683 principium,
885 3600 970 3682 quod
994 3598 1119 3683 Κράτος
1142 3601 1298 3682 profert:

332 3709 458 3786 Χθονὸς
483 3711 538 3794 μὲν
562 3711 604 3786 εἰς
627 3707 776 3794 τηλουρὸν
804 3708 920 3791 ἥκομεν
944 3705 1047 3785 πέδον,
1172 3746 1175 3750 -

334 3816 465 3903 Σκύθην
488 3815 520 3892 ἐς
544 3817 642 3900 οἶμον,
666 3814 795 3901 ἄβροτον
820 3816 862 3889 εἰς
885 3812 1024 3899 ἐρημίαν.

120 3925 202 3991 Nam
212 3923 299 3990 nulla
309 3941 524 4005 personarum
534 3921 698 4003 agentium
708 3921 770 3986 hoc
780 3921 849 3986 loco
860 3927 911 3987 est
922 3939 1005 4002 quae
1016 3923 1112 4000 egeat
1122 3919 1342 4000 explicatione

227 4141 275 4206 Ex
291 4140 486 4222 Antiphanis
509 4137 618 4205 fabula
641 4140 768 4204 incerta
784 4137 972 4204 Athenaeus
995 4137 1027 4201 ll
1051 4135 1121 4200 aab
1145 4134 1233 4203 haec
1260 4138 1348 4204 affert

121 4250 196 4334 (frg.
220 4247 313 4335 235):

760 4355 887 4439 κρύψαι,
910 4353 1031 4434 Φειδία,

335 4466 459 4529 ἅπαντα
482 4462 584 4528 τᾶλλα
608 4485 652 4539 τις
676 4459 791 4527 δύναιτ’
813 4463 850 4527 ἂν
875 4461 957 4546 πλὴν
981 4461 1076 4541 δυοῖν,
