2910 4942
666 239 884 307 ψ64...

158 438 344 522 compositu¹
359 438 535 506 futura·sit
553 438 743 523 nuntiatil.
762 440 797 504 T.
823 439 866 504 63
890 440 960 520 sgr),
978 445 1043 504 ¹aut
1059 439 1297 520 ingredientem
1315 457 1391 504 con-

63 548 66 554 ’
157 549 283 631 spicata
308 547 412 627 qualis
444 549 487 613 sit
511 547 651 628 explicat
675 545 810 630 (Phoen.
837 546 985 626 laeso,
1016 544 1072 610 Or.
1100 546 1162 610 132
1186 565 1246 627 sq„
1272 546 1391 612 Bacch.

159 654 202 719 55
226 656 297 736 sq.).
343 655 417 721 Una
447 654 596 719 addenda
627 661 684 720 est
702 653 848 736 Cyclops,
864 650 938 719 ubi
969 670 1023 717 res
1047 652 1284 721 eodem-modo
1305 671 1393 720 com·

46 840 49 844 A
159 768 277 844 parata
301 767 359 827 est.
407 759 564 824 conferas
588 776 616 821 ν.
642 758 684 823 36
708 776 755 837 sq.
805 757 904 824 Cuius
934 759 983 824 rei
1012 777 1110 824 causa
1135 760 1315 842 repetenda
1340 767 1393 825 cst

76 895 79 901 ·
161 875 218 934 aut
247 869 291 934 en⁴
317 867 449 950 satyrici
480 866 638 931 dramatis
668 871 787 930 natura
810 884 828 930 a
854 867 972 931 ceteris
1001 867 1130 931 diversa
1154 873 1211 932 aut
1234 888 1273 934 ex
1297 873 1393 933 actae

160 973 291 1040 fabulae
308 980 465 1053 tempore,
483 990 578 1051 quam
596 968 820 1049 quaestionem
837 988 922 1035 nunc
938 971 1041 1036 mitto.
1082 971 1205 1038 Contra
1220 974 1253 1038 in
1271 974 1393 1040 ceteris

42 1168 45 1174 Ι
159 1079 280 1162 prioris
304 1079 423 1144 aetatis
447 1078 565 1144 fabulis
590 1079 737 1144 omnibus
762 1077 887 1143 frustra
911 1079 978 1144 tale
1003 1079 1079 1158 quid
1096 1099 1243 1159 quaeres.
1266 1119 1305 1128 -
1323 1082 1394 1147 Inrn

161 1192 290 1255 restant
321 1192 407 1252 tres:
441 1183 836 1267 Supplicesller'aclidae
868 1183 1023 1252 Troades.
1071 1187 1114 1251 Et
1146 1188 1229 1254 duae
1262 1189 1393 1269 quidem

161 1293 378 1377 posteriores·
394 1309 433 1356 ea
462 1292 495 1355 in
519 1309 556 1355 re
579 1291 666 1355 iuter
690 1297 934 1372 secongruunt
958 1295 1041 1372 quod
1066 1294 1184 1361 chorus
1209 1316 1227 1361 a
1251 1315 1395 1378 persona

162 1402 271 1482 aliqua
294 1400 397 1482 ipsius
422 1398 512 1464 chori
529 1416 624 1479 opem
648 1390 844 1480 implorante
869 1399 1030 1467 excitatus
1054 1403 1207 1468 accurrit.
1254 1403 1291 1467 In
1309 1403 1393 1485 Sup-
1433 1401 1436 1407 ’

163 1508 301 1591 plicibus
318 1513 437 1584 autem,
462 1505 494 1570 id
512 1503 600 1585 quod
613 1504 709 1584 plano
725 1501 897 1584 singulare
913 1510 975 1582 est,
993 1504 1112 1570 chorus
1132 1505 1209 1571 inde
1225 1525 1244 1570 a
1260 1504 1395 1573 fabulae

163 1613 295 1705 exordio
319 1613 351 1676 in
375 1611 548 1696 orchestra
561 1607 675 1674 ¹adest.
694 1645 737 1654 -
753 1609 822 1674 lam
847 1610 887 1676 de
912 1611 1098 1678 comoediae
1119 1619 1279 1678 moreest
1295 1631 1395 1692 quae-

162 1721 308 1787 rendum.
330 1720 409 1785 vUbi
432 1737 501 1784 rarn
525 1718 627 1785 multo
652 1718 751 1782 aliter
774 1726 994 1801 comparatam
1012 1738 1088 1787 esse
1111 1711 1278 1785 miramur.
1319 1717 1394 1782 Ari·
1421 1700 1428 1714 ’

28 1901 31 1914 ,
163 1826 332 1909 stophanis
357 1827 442 1891 enim
466 1862 509 1872 -
534 1826 575 1891 de
599 1824 720 1901 ceteris
742 1825 849 1905 poetis
872 1826 953 1898 nihil
977 1825 1049 1893 lere
1072 1847 1112 1894 ex
1133 1825 1329 1907 fragmentis
1348 1825 1396 1897 di·

165 1935 283 2000 scimus
298 1967 341 2013 ,—
359 1931 506 1999 omnibus
528 1932 599 1998 fere
615 1933 648 1996 in
664 1930 784 1998 fabulis
801 1933 940 2014 populus
957 1934 1070 2013 quales
1086 1940 1200 2028 partes
1218 1932 1398 1998 choreutae

47 2107 49 2111 .
165 2045 270 2112 acturi
301 2044 367 2109 sint
399 2048 573 2121 antequam
594 2041 668 2123 ipsi
692 2041 725 2105 in
749 2041 1116 2123 conspectum-veniant
1138 2040 1308 2122 comperit.
1360 2039 1396 2104 In

165 2147 429 2221 Acharnensibus
447 2148 662 2230 Amphitheus
687 2145 766 2233 (176
783 2148 852 2232 aql·
871 2168 969 2215 cursu
993 2150 1148 2215 advolans
1166 2148 1396 2222 Acharnenses

165 2276 261 2325 senes
293 2257 404 2322 statim
429 2255 601 2322 adfuturos
626 2274 697 2321 csse
722 2255 860 2322 nuntiat.
908 2256 1195 2338 ldedeclycleo
1219 2255 1252 2319 in
1276 2253 1398 2335 Vespis

165 2365 244 2448 (214
268 2366 340 2444 sq.)¹
362 2380 556 2444 quamquam
589 2363 694 2428 minus
726 2368 822 2445 apte:
837 2430 839 2436 ,
855 2362 951 2438 facile
975 2366 1059 2430 enim
1084 2362 1253 2441 consilium
1278 2367 1399 2443 poetae

164 2470 385 2553 perspicitur,v
401 2471 454 2548 qui
478 2469 511 2534 id
538 2468 608 2551 agit
630 2453 667 2534 ut
690 2475 895 2550 spectatores
920 2469 1051 2538 chorum
1077 2488 1172 2549 quem
1198 2469 1296 2551 paulo
1322 2473 1400 2549 post

167 2597 286 2644 scaena
309 2574 476 2642 actoribus
500 2593 602 2641 vacua
624 2577 658 2640 in
682 2575 885 2642 orchestram
915 2577 1167 2659 ingredientem
1186 2576 1289 2642 visuri
1321 2576 1398 2653 sint,

164 2686 279 2764 ¹statim
309 2687 517 2768 pernoscant.
566 2682 637 2760 Qua
662 2681 924 2764 reprehensione
957 2683 1055 2749 etiarn
1088 2683 1205 2766 magis«
1223 2683 1323 2763 digna
1348 2688 1400 2748 est

169 2792 364 2875 Lysistrata‚
389 2789 445 2856 uhi
469 2788 510 2854 ad
535 2788 667 2855 chorum
692 2789 773 2855 haec
797 2791 1048 2877 spectant'ffldl
1073 2794 1156 2874 sq.,):,
1220 2809 1224 2817 ·

329 2898 443 2961 odacar
466 2891 514 2978 ἐφ’
535 2892 618 2978 ήμᾱς
641 2891 870 2981 ξυμβοηθήσειν
894 2899 949 2960 οἴει

328 3007 405 3081 τσὺς
422 3002 536 3086 ἄνδρας
559 2999 671 3082 εὐθὺς
693 3021 739 3047 ¹-
763 3000 867 3087 ὀλίγον
892 3003 994 3067 αὐτῶν
1015 3023 1070 3087 μοι
1094 3001 1189 3086 μέλει.

182 3166 184 3168 ,
236 3189 238 3194 Ι
314 3112 365 3190 Ιοὐ
389 3113 450 3197 γὰρ
473 3107 625 3184 τοσαύτας
648 3105 712 3170 οὔτ’
734 3107 961 3191 ἀπειλὰςσῦτε
984 3119 1046 3194 πῦρ

164 3275 168 3283 .
278 3286 280 3290 ,
332 3216 437 3302 ήξσυσ’
459 3219 583 3304 ἔχοντες
607 3214 678 3280 ὥστ’
701 3215 820 3294 ἀνοῖξαι
843 3219 898 3292 τὰς
922 3216 1023 3293 πύλας
1047 3215 1115 3280 κτλ.

164 3327 273 3392 ,Paulo
297 3334 371 3407 post
395 3327 438 3408 (v.
456 3325 534 3410 253)
559 3310 750 3402 mulieribus
775 3325 815 3389 de
839 3341 956 3388 scaena
972 3323 1107 3389 remotis
1132 3321 1250 3387 chorus
1267 3321 1402 3389 advenit

172 3422 337 3509 mulieres,
355 3433 422 3514 igni
454 3441 735 3514 concrematurum
767 3450 803 3498 se
835 3449 907 3497 esse
935 3430 1098 3495 minitans.
1146 3430 1254 3510 uagas
1278 3449 1308 3493 ν.
1335 3429 1400 3495 267

174 3547 207 3606 et
230 3541 311 3605 269:

179 3686 191 3727 <
296 3649 416 3723 ,ὅπως
440 3648 477 3712 ἂν
502 3646 610 3722 αὐταῖς
633 3644 673 3724 ἐν
689 3616 798 3730 adalp
823 3641 932 3720 θέντες
954 3645 993 3706 τὰ
1016 3633 1138 3726 πρέμνα
1152 3613 1248 3723 ’ταυτί
1353 3687 1355 3691 «

214 3899 216 3905 «
262 3941 264 3945 ¹
325 3881 327 3885 ’
334 3862 405 3945 μίαν
430 3863 531 3945 πυρὰν
555 3860 703 3946 νήσαντες
726 3859 933 3944 ἐμπρήσωμεν
957 3856 1136 3942 αὐτόχειρες

334 3970 436 4045 πάσας
460 3968 529 4033 κτλ.
720 3977 722 3985 '
1086 3989 1088 3993 ·
1169 4039 1173 4047 Ι
1390 4036 1392 4042 ,

175 4079 290 4157 ltaque
315 4087 350 4142 ut
374 4078 510 4158 populus
529 4074 612 4155 rquid
636 4076 685 4141 rei
709 4074 753 4140 sit
772 4074 884 4141 statim
900 4073 1082 4154 intellegat,
1099 4076 1206 4153 pocta
1222 4071 1303 4138 satis
1320 4071 1403 4138 mire

51 4245 54 4250 .
175 4184 329 4250 mulieres
352 4182 386 4248 id
410 4183 499 4262 quod
519 4181 604 4249 unde
627 4182 713 4248 scire
730 4180 1005 4265 possintdilficilc
1022 4184 1073 4246 est
1089 4178 1131 4244 ad
1147 4178 1403 4262 intellegendum

170 4290 443 4375 ‚praenuntiantes
467 4289 553 4355 lacit.
576 4327 611 4336 —
630 4290 668 4354 In
684 4288 858 4370 Equitibua
882 4289 1011 4368 chorus,
1035 4292 1208 4368 postquam
1224 4287 1289 4352 iam
1306 4291 1404 4352 antea

177 4398 255 4483 (225
279 4398 342 4480 sq.)
367 4397 467 4463 verba
498 4397 538 4463 de
568 4416 606 4462 eo
630 4395 717 4463 lacta
740 4404 826 4478 sunt,
851 4395 969 4463 auxilio
994 4400 1138 4460 vocatur.
1160 4418 1161 4421 ¹
1187 4393 1281 4458 Unde
1304 4393 1404 4459 sciret

41 4579 44 4584 ,
172 4505 231 4579 ille
260 4524 376 4572 servus
407 4502 534 4585 equites
566 4503 685 4570 auxilio
717 4502 888 4570 adiuturos
921 4520 993 4568 esse
1027 4506 1061 4567 ct
1082 4498 1139 4566 ubi
1163 4498 1282 4566 chorus
1306 4505 1403 4566 antae
