2910 4942
618 220 839 288 „39-

315 406 345 486 Ιὁ
368 430 489 506 πρῶτος
511 421 611 504 εὑρὼν
633 418 802 495 πολυτελὲς
824 420 938 504 τμητὸν
962 415 1043 503 μέγα

328 528 470 616 γλαύκου
493 527 661 612 πρύσωπον
684 535 738 590 τού
762 524 788 589 τ’
810 525 967 610 ἀμύμονος
990 523 1085 609 δέμας

327 636 443 701 θύννου
467 636 506 699 τοί
529 633 555 699 τ’
577 634 660 700 ἄλλα
684 631 820 720 βρώματ’
842 631 874 712 ἐξ
897 633 992 716 ὑγροῖς
1016 630 1091 706 ἁλὸς

327 742 447 830 Νηρεὺς
470 752 614 807 κατοικεῖ
633 742 722 806 τόνδε
745 740 847 805 πάντα
870 742 922 804 τὸν
945 738 1050 802 τύπον.

106 867 240 951 1Βοῖούο
262 868 327 935 huc
349 867 458 935 refero
478 887 563 951 quae
580 887 619 934 ex
635 868 698 933 alia
714 866 825 932 fabula
840 864 1057 948 mythologice
1075 862 1262 929 Athenaeus
1278 860 1340 925 VII

115 973 203 1040 307f
224 976 387 1042 servavit:
411 974 571 1062 Εὔβουλος
592 971 760 1059 Ναυσικάᾳ
784 971 860 1057 (lrg.
886 969 953 1057 68)·

327 1083 436 1160 ὅςνῦν
460 1083 608 1169 τετάρτην
632 1080 751 1166 ἡμέραν
775 1079 966 1167 βαπτίζεται,

329 1200 433 1276 νῆστιν
457 1197 593 1276 πονηροῦ
618 1186 771 1273 κεστρέως
794 1186 904 1273 τρίβων
929 1185 1004 1272 βίον.

114 1314 251 1394 Ulixem
271 1314 523 1395 intellegendum
558 1318 631 1381 esse
661 1320 751 1381 recte
783 1313 965 1379 Meinekius
998 1310 1158 1393 coguovit.
1210 1307 1340 1390 Optime

115 1424 198 1489 enirn
223 1424 279 1490 ille
295 1423 502 1511 βαπτίζεσθαι
518 1422 647 1508 dicitur,
664 1422 720 1505 qui
737 1420 843 1509 (Hom.
861 1420 921 1487 Od.
938 1441 954 1484 ε
970 1419 1047 1501 371)
1064 1414 1141 1503 ἀμφ’
1155 1415 1199 1481 ἑνὶ
1215 1415 1340 1500 δούρατι

115 1530 211 1617 βαῖνε,
242 1528 356 1618 κέληθ’
388 1530 429 1607 ὡς
455 1532 552 1595 ῖππον
574 1529 724 1610 ἐλαύνων,
759 1527 815 1610 qui
838 1528 941 1610 igitur
964 1534 1001 1591 ut
1024 1526 1122 1606 piscis
1146 1526 1239 1590 modo
1263 1524 1340 1589 sub·

114 1636 275 1717 mergitur
298 1638 393 1703 modo
416 1635 555 1718 emergit
579 1655 618 1701 ex
634 1636 731 1700 unda.
779 1633 882 1701 Positi
905 1637 1014 1698 autem
1038 1630 1172 1698 luerunt
1194 1630 1243 1695 illi
1266 1650 1339 1697 ver·

115 1761 182 1822 sue,
206 1743 238 1808 ni
262 1741 367 1824 fuller,
392 1744 425 1809 in
449 1744 595 1825 prologo.
641 1743 787 1809 Fabulae
817 1739 901 1806 euim
926 1759 979 1806 res
1003 1739 1074 1806 siue
1098 1738 1195 1804 dubio
1219 1757 1282 1805 nnn
1306 1741 1338 1804 in

114 1851 208 1930 meri,
238 1851 298 1916 sed
323 1851 356 1916 in
379 1851 477 1917 litore
500 1849 693 1933 agebantur.
741 1849 822 1915 Cum
846 1856 954 1914 autem
978 1856 1031 1913 νύν
1055 1845 1237 1933 βαπτίζεται
1259 1846 1338 1912 illud

114 1959 157 2022 ed
187 1977 343 2039 praesens
372 1964 501 2039 tempus
529 1957 738 2024 referendum
771 1956 824 2034 sit,
854 1954 980 2022 Ulixem
1010 1960 1148 2038 apparet
1171 1954 1338 2021 etiamtum

112 2063 216 2129 fuisse
239 2064 271 2129 in
295 2065 387 2130 mari.
425 2067 474 2130 De
489 2065 583 2131 Ulixe
607 2072 716 2131 eutem
740 2063 773 2128 in
797 2061 947 2128 fluctibus
971 2063 1116 2129 versanti
1133 2080 1226 2128 nemo
1243 2061 1339 2127 homo

113 2171 288 2254 quidquam
313 2174 398 2239 scire
421 2178 561 2256 poterat.
609 2173 723 2254 Itaque
748 2190 819 2236 cum
844 2170 1051 2236 statuendum
1076 2168 1119 2235 sit
1142 2169 1202 2235 hos
1226 2187 1339 2235 versus

112 2297 176 2343 nou
202 2280 365 2361 exipsius
389 2279 519 2346 fabulae
543 2285 659 2345 tenore
682 2276 891 2360 depromptos
912 2296 994 2356 esse,
1020 2295 1055 2342 eo
1079 2277 1278 2357 adducimur,
1304 2282 1340 2341 ut

111 2385 249 2467 prologo
284 2384 474 2453 tribuamus.
523 2387 606 2452 Eum
629 2392 737 2451 eutem
762 2384 817 2466 qui
849 2383 934 2449 huuc
956 2382 1137 2449 Nausicaae
1169 2382 1339 2464 prologum

113 2492 343 2573 pronuntiaret
372 2493 474 2560 fuisse
506 2492 701 2560 crediderim
729 2491 834 2557 deum.
881 2489 1038 2557 Conferes
1062 2491 1220 2556 Rudentie
1244 2489 1339 2554 Plau·

110 2599 201 2665 tinae
225 2601 403 2683 prologum,
428 2600 483 2667 ubi
506 2601 582 2667 inde
606 2619 625 2666 e
648 2621 676 2664 v.
702 2600 744 2664 72
771 2600 931 2664 Arcturus
955 2597 1091 2664 similem
1117 2616 1185 2664 rem
1209 2606 1337 2665 narret:

326 2745 404 2786 nunc
426 2709 510 2786 orabo
534 2729 597 2786 leno
620 2731 703 2800 acque
725 2727 826 2801 hospes
849 2729 882 2784 in
904 2743 978 2785 soso
1000 2726 1088 2784 simol

327 2835 424 2893 sedeat
446 2835 545 2893 cimil:
566 2835 651 2893 nonis
674 2835 851 2909 confractost
873 2834 923 2892 eis.

327 2941 380 2999 illo
403 2944 497 2999 οκίοκι
518 2942 599 3015 oirpo
622 2945 707 3014 atque
729 2942 822 2999 altero
845 2940 943 2999 itidem
965 2940 1106 2998 ancillula

326 3047 360 3105 de
383 3049 452 3106 nooi
474 3047 592 3106 timidae
615 3048 801 3107 desuluerunt
823 3049 855 3106 to
875 3047 1019 3122 scapham.

325 3171 402 3214 nunc
423 3171 472 3213 eos
495 3155 531 3213 ού
555 3173 627 3214 sono
641 3157 749 3228 flnctus
772 3154 812 3212 od
834 3159 941 3212 ίοτνοκι
955 3155 1060 3229 soant

274 3277 276 3282 ’
325 3262 365 3320 od
386 3263 487 3320 uillam
509 3264 599 3331 οίοοε,
622 3263 689 3320 carol
710 3263 761 3321 adl
782 3263 894 3320 todoat
915 3277 1008 3320 senen.

111 3381 293 3463 Exponitur
315 3390 455 3466 utruque
477 3383 548 3449 loco
572 3385 656 3466 quod
681 3383 723 3449 ad
746 3383 903 3471 temporis
919 3389 1073 3465 punctum
1089 3404 1143 3451 res
1162 3404 1339 3469 progressu

111 3488 165 3568 sit,
199 3490 283 3556 uude
311 3490 383 3572 ipsa
415 3489 527 3556 fabula
551 3490 718 3555 exordium
742 3488 838 3570 capit.
885 3489 1034 3570 Exempli
1058 3508 1157 3557 ceusu
1181 3495 1338 3576 Apollinis

112 3613 241 3680 quoque
264 3595 366 3664 verba
389 3596 480 3680 legas
503 3597 536 3662 in
559 3596 638 3662 Eur.
661 3595 729 3696 Alc.
754 3595 828 3661 iude
852 3613 872 3660 a
895 3615 923 3658 v.
952 3595 1010 3660 19:

208 3783 211 3790 ,
325 3724 346 3807 ἣ
370 3731 423 3788 νύν
447 3720 517 3787 κατ’
539 3724 644 3798 οἴκους
667 3722 699 3787 ἐν
723 3731 828 3807 χεροῖν
852 3719 1039 3806 βαστάζεται

325 3829 578 3916 ψυχορραγοῦσα·
603 3828 677 3914 τῇδε
700 3829 761 3914 γάρ
784 3826 835 3912 σφ’
857 3828 890 3893 ἐν
917 3828 1019 3914 ημέρᾳ

324 3934 434 4000 θανεῖν
458 3935 618 4021 πέπρωται
643 3937 696 3998 καί
721 3945 910 4020 μεταστῆναι
933 3934 1009 4021 βίου.

111 4059 264 4126 Ceterum
283 4059 463 4128 Nausicsae
480 4062 539 4126 hoc
563 4060 782 4142 fragmentum
805 4062 857 4126 hic
880 4060 945 4126 iam
969 4064 1118 4144 tractavi,
1144 4082 1337 4148 quamquam

109 4167 351 4234 concedendum
382 4174 521 4235 estnon
553 4187 650 4250 posse
678 4167 859 4247 diiudicari,
891 4187 967 4233 nuru
1000 4166 1087 4232 illius
1123 4169 1178 4251 qui
1202 4170 1281 4236 haec
1304 4171 1337 4236 iu

109 4274 247 4356 prologo
270 4275 448 4356 protulerit
475 4276 508 4341 iu
530 4275 603 4358 ipsa
628 4269 757 4358 quoque
780 4275 891 4342 fabula
914 4281 1027 4358 partes
1050 4274 1182 4344 luerint.
1208 4313 1247 4324 -
1272 4279 1338 4344 Lu·

110 4379 367 4447 euleutissimum
395 4388 504 4449 autem
530 4381 599 4449 eius
623 4383 664 4447 de
688 4401 753 4465 quo
776 4383 902 4465 agimus
927 4383 1057 4465 generis
1082 4385 1262 4466 exemplum
1286 4391 1338 4451 est

110 4486 280 4556 Plautinae
305 4492 550 4575 Amphitruonis
574 4491 731 4574 prologus
755 4510 775 4558 a
798 4491 961 4557 Mercurio
984 4491 1223 4575 pronuntiatus.
