2910 4942
627 253 849 316 ..15-

125 448 236 531 aliqua
268 467 352 530 quae
374 448 407 513 in
441 448 515 531 ipsa
536 446 648 514 fabula
680 468 743 514 non
778 447 999 531 progreditur.
1046 447 1173 514 Priore
1199 452 1317 513 autem

124 574 245 638 genere
269 554 531 636 distinguendum
556 563 609 623 est
639 556 726 622 iuter
750 575 805 623 eas
829 555 957 621 fabulas
988 555 1021 618 in
1053 555 1179 637 quihus
1205 552 1334 636 exposit

124 682 185 746 per
208 660 388 728 diverbium
412 661 459 742 fit,
482 663 531 728 ita
554 669 591 730 ut
615 662 812 729 alteralteri
829 682 897 728 rem
914 668 1038 740 narret,
1064 667 1098 728 et
1114 680 1178 728 eas
1195 661 1234 735 in
1252 662 1334 745 quiin

123 789 265 853 persona
287 770 343 836 illa
367 790 450 854 quae
472 773 579 854 prima
607 771 640 836 in
664 788 814 837 scaenam
838 769 986 852 procedit
1013 767 1053 835 ab
1082 777 1293 851 argumento
1315 788 1334 834 e:

124 876 272 959 ponendo
296 877 433 944 orditur.
481 876 573 955 Quod
606 880 647 944 ad
680 899 782 962 genus
809 896 934 962 paucae
967 896 1095 960 quoque
1123 876 1207 942 illae
1234 875 1334 943 fabule

124 1002 227 1067 prope
255 984 415 1052 accedunt
444 983 476 1048 in
511 981 628 1064 quibus
652 985 748 1051 alteri
772 986 823 1050 vel
846 985 967 1052 tertiae
989 1003 1130 1052 scaenae
1157 985 1224 1051 hoc
1251 1005 1334 1052 muni

124 1098 322 1158 reservatur.
348 1092 632 1157 —Transeamus
665 1108 760 1154 nunc·
782 1089 824 1154 ad
857 1107 897 1154 ea
929 1092 1076 1174 exempla
1107 1111 1200 1175 quae
1237 1093 1334 1158 initiu

124 1199 257 1281 capiunt
280 1219 319 1267 ex
342 1197 488 1266 diverbia
512 1215 575 1279 quo
599 1203 802 1278 spectatores
828 1197 903 1279 quid
928 1199 977 1264 rei
1002 1200 1046 1265 sit
1061 1207 1283 1280 cognoscant.
1323 1201 1334 1266 l

124 1313 232 1372 autem
257 1313 380 1374 certum
404 1305 650 1372 fundamentum
673 1304 827 1370 iaciamus
861 1302 902 1369 ab
925 1305 966 1371 iis
990 1306 1069 1372 utile
1093 1306 1163 1373 erit
1188 1307 1334 1374 Menand

124 1415 298 1480 consuediis
327 1414 428 1481 ordiri
453 1433 533 1496 quas
558 1433 597 1479 ex
614 1414 767 1479 Terentio
791 1412 946 1478 nouimus.
982 1413 1044 1479 Hic
1067 1420 1183 1480 autem
1206 1423 1334 1497 quattu<

123 1520 156 1585 in
173 1519 292 1587 fabulis
307 1521 478 1587 Menandri
501 1520 640 1602 vestigia
654 1521 785 1602 pressit,
811 1520 842 1583 in
866 1519 989 1586 Andria
1004 1521 1334 1588 Hantontimornmer

123 1629 278 1694 Eunucho
308 1628 475 1710 Adelphis.
523 1626 745 1693 Andriamt
711 1636 745 1693 et
773 1624 939 1709 Adelphos
972 1646 1056 1693 nunc
1090 1628 1334 1696 mittamus]

124 1735 468 1802 hautontimorumeno
501 1734 660 1816 expositio
694 1734 740 1800 ita
771 1734 902 1801 instiutt
903 1741 1006 1815 aest,
1040 1735 1323 1804 utMenedemns

124 1842 296 1908 Chremeta
319 1849 455 1924 rogatus
478 1861 518 1907 ea
542 1839 658 1924 quibus
682 1841 724 1906 ad
747 1842 1001 1923 intellegendam
1022 1860 1091 1908 rem
1108 1862 1196 1924 opus
1218 1853 1277 1912 est
1293 1865 1334 1910 nu:

123 1956 184 2015 ret.
231 1950 269 2015 In
286 1950 441 2016 Eunucho
458 1950 557 2016 Thais
582 1950 764 2016 Phaedriae
788 1950 821 2015 id
845 1949 1063 2031 exponitque
1087 1948 1207 2018 fabula
1233 1953 1334 2020 nititn

124 2055 312 2123 Terentium
343 2063 452 2123 antem
482 2057 514 2121 in
546 2057 775 2140 componendis
804 2058 854 2123 his
877 2056 978 2122 initiis
1003 2062 1159 2122 accurate
1185 2061 1333 2127 Menand

123 2164 261 2244 vestigia
294 2171 438 2230 secutum
462 2183 535 2231 esse
559 2184 622 2230 non
646 2166 740 2231 modo
771 2163 985 2246 colligendum
1009 2169 1070 2243 est,
1103 2166 1197 2246 quod
1231 2169 1334 2250 quide

123 2271 164 2336 ud
188 2269 379 2336 Eunuchum
402 2271 530 2352 attinet,
556 2290 594 2337 ex
611 2271 730 2337 Donati
752 2271 814 2336 huc
841 2271 881 2336 de
898 2290 935 2336 re
959 2270 1097 2350 silentio,
1123 2274 1183 2354 qui
1210 2278 1334 2357 quoties

123 2377 297 2445 Terentius
321 2395 341 2442 a
365 2376 489 2443 Graeco
513 2377 691 2459 exemplari
715 2380 842 2445 recedit
865 2379 1023 2445 adnotare
1047 2379 1140 2458 solet,
1175 2383 1240 2449 sed
1266 2384 1334 2449 etia

123 2502 163 2548 ex
178 2482 398 2565 compluribus
414 2483 618 2566 fragmentis,
643 2504 726 2567 quae
750 2491 807 2551 aut
823 2487 971 2551 Donatus
987 2493 1044 2554 aut
1064 2486 1120 2552 alii
1136 2506 1157 2552 e
1176 2489 1335 2557 Menaudr

122 2588 263 2656 afferunt
308 2591 396 2658 Haec
416 2593 501 2657 enim
516 2594 558 2659 ud
575 2593 709 2660 verbum
733 2595 835 2661 ferme
859 2613 930 2661 cum
954 2596 1035 2661 locis
1052 2595 1274 2664 Terentianis
1293 2619 1334 2665 cur

122 2697 277 2764 sentiunt.
324 2697 430 2780 Legas
454 2699 625 2767 Menandri
649 2702 834 2783 fragmenta
860 2703 924 2768 140
954 2710 988 2769 et
1013 2703 1074 2767 141
1108 2721 1147 2768 ex
1183 2705 1334 2773 Hautont

122 2824 318 2887 mornmeno,
342 2805 526 2890 fragmenta
551 2811 625 2887 186,
651 2812 714 2877 187
740 2832 779 2878 ex
795 2812 962 2894 Eunucho,
988 2811 1105 2893 quibus
1126 2811 1241 2879 addas
1259 2814 1334 2880 Pers

122 2919 182 2979 sat.
207 2914 245 2981 V.
271 2935 300 2980 r.
327 2915 388 2980 161
413 2933 462 2997 sq.
487 2915 617 2983 -sen
642 2917 723 2984 alias
755 2937 882 3000 quoque
907 2919 1121 2985 Menandrum
1145 2917 1216 2986 hoc
1241 2941 1334 3004 gener

122 3039 214 3087 usum
231 3040 304 3087 esse
327 3028 364 3087 ut
379 3042 440 3104 per
463 3042 497 3089 se
515 3026 583 3094 veri
607 3025 788 3093 similet
737 3034 788 3093 est
812 3026 858 3092 sic
882 3046 921 3092 ex
943 3026 984 3092 iis
1008 3025 1149 3092 efficitur
1169 3048 1265 3111 quae
1283 3031 1334 3096 He

121 3147 274 3211 mogenes
306 3129 386 3195 de
378 3137 498 3197 invent
546 3131 654 3218 (Rhet
631 3132 738 3198 t.Gr
764 3133 812 3198 ed
839 3131 980 3213 Spengel
1003 3133 1044 3198 II.
1079 3151 1110 3214 p.
1137 3133 1223 3217 256,
1255 3138 1334 3219 6)ι

118 3234 291 3302 Menandri
315 3235 425 3304 fabula
448 3239 557 3321 aliqua
581 3239 694 3305 attulit
681 3238 795 3322 surg
821 3238 916 3319 east:

283 3392 733 3408 .........
760 3344 926 3409 Διονυσίων
951 3341 1043 3433 <μὲν>
1068 3347 1106 3432 ἠν

281 3451 391 3536 πομπή
449 3499 1070 3516 ............

160 3640 162 3645 .
280 3555 409 3642 ὁδὲμ’
430 3558 649 3644 ἠκολούθησεν
674 3557 765 3643 μέχρι
789 3571 842 3623 τοῦ
866 3563 943 3644 πρὸς
967 3563 1022 3645 τὴν
1047 3558 1160 3642 θύραν.

280 3667 387 3729 ἔπειτα
410 3671 524 3750 φοιτῶν
548 3665 602 3727 καὶ
627 3663 812 3730 κολακεύων
838 3713 1069 3730 .....
1074 3735 1077 3744 ,

279 3773 335 3856 τὴν
360 3769 464 3857 μητέρ’
487 3773 567 3856 ἔγνω
592 3769 654 3856 μ’
624 3819 1069 3837 .........

121 3875 210 3954 Quae
234 3895 316 3957 curn,
341 3884 378 3942 ut
393 3878 574 3944 Meinekius
599 3880 667 3964 (IV.
685 3900 715 3961 p.
738 3881 815 3961 243)
839 3884 974 3964 notavit,
999 3884 1151 3948 aPlauto
1175 3885 1264 3952 Oist.
1284 3887 1310 3968 1,

120 3982 162 4048 88
187 4003 232 4068 sq.
260 3985 423 4069 (Ussinglz

276 4140 282 4154 .
328 4141 335 4154 .
381 4167 383 4170 g
383 4140 715 4157 .......
755 4116 811 4174 per
834 4099 982 4174 Dionysio

274 4210 365 4265 muter
382 4223 520 4282 pmnpum
541 4223 585 4264 mc
607 4212 763 4278 spectatam
785 4208 877 4265 docuit.
903 4207 972 4264 dum
994 4207 1079 4265 rodco
1102 4207 1239 4280 doraum,

274 4313 439 4385 conspicillo
462 4319 641 4373 consecutust
662 4316 824 4373 clanculum
847 4331 891 4372 nac
913 4332 1004 4386 ccsptcc
1027 4314 1067 4372 ud
1081 4315 1192 4390 fores;

276 4421 343 4480 lude
366 4424 398 4481 tn
421 4424 578 4482 omicidium
601 4425 761 4482 insinuavit
783 4441 848 4481 canc
870 4426 961 4480 matre
984 4426 1010 4480 ct
1032 4439 1143 4480 mecona
1165 4424 1266 4491 simul

274 4528 426 4590 blanditiis
449 4531 616 4590 ικιικονὶοκε
645 4530 729 4590 donis
