2910 4942
80 4420 123 4650 l

660 243 881 307 ..14-

156 439 287 505 chorum
323 440 475 506 Socrates
512 440 546 504 in
580 439 726 505 Nubibus
766 439 948 521 Strepsiadi
988 438 1038 504 his
1078 437 1186 504 verbis
1226 445 1388 503 monstrnt

157 546 236 631 (323
260 545 338 631 sq.):

200 652 296 739 βλέπε
318 673 372 717 νυν
397 652 479 737 δευρὶ
504 654 580 737 πρὸς
604 657 660 738 τὴν
684 651 837 739 Πάρνηθ’·
862 653 923 740 ἤδη
947 655 1008 739 γάρ
1032 653 1095 737 ὁρῶ
1118 655 1287 729 κατιούσας

200 761 304 846 ἡσυχῆ
321 761 427 837 αὐτάς.
446 796 488 807 -
504 757 588 844 φέρε,
608 768 687 842 ποῦς
712 758 821 838 δεῖξον.
839 772 881 806 -’
898 758 1033 846 χωροῦσ’
1052 763 1143 824 αὗται
1159 761 1241 824 πάνυ
1258 760 1387 842 πολλαί,

201 870 252 933 διὰ
275 877 336 932 τῶν
360 867 475 932 κοίλων
499 868 552 930 καὶ
576 875 637 930 τῶν
663 867 792 949 δασέων,
816 870 907 932 αὗται
931 860 1072 952 πλάγιαι.
1088 907 1127 914 -
1150 868 1177 932 τί
1200 870 1235 932 τὸ
1258 879 1387 954 χρῆμας

201 973 241 1050 ὡς
265 975 301 1038 οὐ
325 975 466 1060 καθορῶ.
494 1014 536 1022 -
562 977 648 1060 παρά
672 977 728 1060 τὴν
753 973 882 1039 εἴσοδον.

155 1081 309 1146 Eiusdem
334 1082 527 1148 condicionis
550 1082 684 1148 fuerunt
707 1101 822 1155 versus
850 1083 897 1146 illi
925 1081 1079 1148 simillimi
1103 1102 1184 1164 quos
1209 1082 1388 1148 scholiasta

157 1207 194 1253 ex
219 1188 347 1269 insulis,
380 1188 448 1254 sive
473 1189 629 1271 Archippi
653 1189 721 1254 sive
745 1188 974 1270 Aristophanis
999 1189 1079 1254 haec
1103 1189 1213 1255 fabula
1237 1189 1309 1269 luit,
1345 1191 1386 1254 ad

157 1295 271 1360 Avium
296 1317 325 1361 v.
350 1297 415 1360 296
438 1298 624 1363 adnotavit:

415 1449 422 1466 .
448 1449 455 1465 .
481 1450 489 1465 .
513 1402 541 1466 τί
565 1405 602 1466 σὺ
626 1401 746 1490 λέγειςς
771 1404 844 1468 εἰσὶν
869 1403 903 1466 δὲ
926 1412 1004 1485 ποῦς

346 1547 388 1558 -
413 1511 474 1575 ator
497 1507 567 1573 κατ’
589 1510 686 1596 αὐτὴν
710 1511 749 1596 ἣν
773 1509 898 1595 βλέπεις
920 1513 976 1596 τὴν
999 1511 1128 1576 εἴσοδον.

157 1652 198 1662 -
222 1617 258 1681 In
277 1617 506 1700 Aristophanis
530 1617 877 1700 Thesmophoriazusis
903 1619 1008 1682 altera
1034 1619 1205 1700 prologum
1234 1621 1386 1686 recitavit

156 1722 335 1804 Calligenia
366 1744 461 1807 quam
499 1731 597 1806 poeta
627 1724 759 1792 Cereris
794 1724 953 1789 nutricem
989 1745 1061 1790 esse
1094 1724 1246 1807 fingebat.
1301 1728 1385 1793 Vide

156 1833 300 1898 scholion
335 1837 377 1901 ad
413 1835 541 1901 Thesm.
578 1853 605 1896 ν.
637 1832 702 1897 298
738 1832 957 1914 adscriptum:
994 1831 1229 1918 (Καλλιγένεια)
1266 1834 1385 1918 δαίμων

155 1942 223 2024 περὶ
253 1945 308 2026 τὴν
333 1939 493 2028 Δήμητρα,
522 1943 561 2026 ἣν
592 1938 838 2024 προλογίζουσαν
869 1939 902 2003 ἐν
930 1948 997 2015 ταῖς
1027 1939 1145 2026 ἑτέραις
1169 1940 1384 2026 Θεσμοφορια-

157 2046 282 2124 ζούσαις
306 2047 460 2134 ἐποίησεν,
490 2067 626 2131 quocum
650 2048 873 2129 coniungenda
889 2053 965 2114 sunt
989 2067 1028 2112 ea
1044 2068 1127 2130 quae
1144 2049 1279 2114 Photius
1304 2071 1329 2116 s.
1355 2071 1383 2114 v.

154 2153 382 2241 Καλλιγένειαν
413 2155 525 2222 affert:
560 2153 800 2239 Ἀπολλόδωρος
834 2156 889 2240 μὲν
920 2158 976 2240 τὴν
1009 2166 1079 2241 γῆν,
1112 2157 1140 2220 οἱ
1173 2157 1207 2220 δὲ
1232 2157 1301 2233 Διὸς
1329 2160 1382 2220 κατ’

155 2259 317 2347 Δήμητρος
346 2261 519 2349 θυγατέρα·
553 2260 779 2351 Ἀριστοφάνης
809 2262 843 2326 δὲ
873 2262 890 2326 ὀ
924 2264 1063 2346 κωμικὸς
1095 2264 1216 2348 τροφὸν.
1263 2264 1385 2328 Καλλι-

153 2367 258 2453 γένεια
295 2376 405 2435 autem
440 2368 670 2451 appellabatur
706 2389 788 2436 unus
824 2390 863 2435 ex
891 2368 1221 2452 Thesmophoriorum
1258 2372 1384 2438 diebus.

154 2475 243 2540 Idem
276 2495 376 2542 ausus
411 2482 462 2542 est
497 2477 666 2561 Philyllius
702 2478 792 2544 cuius
827 2479 861 2542 in
892 2480 1034 2545 Hercule
1066 2478 1172 2564 (Koch
1195 2480 1219 2543 l.
1249 2500 1278 2561 p.
1307 2480 1384 2562 784)

155 2684 255 2754 κράτης
277 2682 335 2739 δ’
321 2707 336 2740 o
356 2685 564 2758 supposueris
582 2683 612 2741 ἐν
631 2689 743 2753 Περσίδι
767 2689 896 2758 σπανίως,
913 2691 1007 2757 φησίν,
1027 2687 1098 2743 ἔστιν
1127 2685 1214 2790 adpro
1238 2689 1385 2743 δασύποδα

155 2769 262 2838 περὶ
234 2792 284 2841 την
302 2771 427 2843 Ἀττικήν·
446 2771 514 2841 λέγει
532 2770 561 2826 δέ
579 2763 642 2826 ω’δε·

420 2936 565 3005 ls'ovrom*
548 2965 565 3012 η
583 2945 710 2999 τοιοῦτον
729 2941 821 3012 ἕτερον
839 2947 955 3014 θηρίονς

422 3019 456 3082 οὗ
474 3024 608 3082 δασύποδ’
624 3022 712 3095 εὑρεῖν
729 3025 800 3084 ἐστιν
816 3025 876 3097 οιῗχὶ
894 3027 997 3103 ῥᾴδιον.

154 3113 375 3182 Explicationem
395 3129 475 3183 quam
494 3114 648 3168 Meinekius
667 3115 839 3183 periclitatus
861 3120 904 3169 est
921 3113 1050 3167 refutavit
1068 3113 1213 3180 Hauptius.
1251 3113 1320 3166 Mihi
1340 3129 1385 3167 res

155 3201 223 3256 haec
251 3218 312 3258 csse
339 3204 461 3258 videtur:
488 3204 619 3272 prologus
642 3204 670 3256 in
694 3203 855 3272 exponendo
880 3208 1039 3271 argumento
1060 3199 1152 3266 aliquo
1174 3200 1254 3254 modo
1277 3202 1385 3256 leonum

155 3292 320 3345 mentionem
338 3290 464 3358 faciebat,
484 3290 557 3359 quod
575 3291 603 3345 in
616 3289 717 3359 fabula,
736 3291 764 3344 in
784 3305 837 3357 qua
850 3289 884 3343 de
897 3289 1008 3342 mulisre
1021 3287 1132 3342 Persica
1144 3288 1284 3356 agebatur,
1303 3290 1386 3346 facile

154 3377 215 3434 fieri
240 3384 358 3445 poterat.
395 3377 452 3431 Iam
480 3380 551 3432 hunc
579 3378 637 3434 fere
665 3379 694 3433 in
721 3378 831 3433 modum
858 3379 962 3447 pergit:
992 3377 1109 3443 „tripor‘
1129 3376 1201 3428 εἴποι
1219 3396 1259 3437 τις
1278 3369 1312 3429 lla
1329 3381 1386 3431 τῶν

156 3467 268 3533 σοφῶν·
287 3462 316 3519 ἐν
334 3467 367 3536 τῇ
384 3463 437 3532 γὰρ
454 3461 556 3536 Ἀττικῇ
574 3467 616 3527 τίς
634 3462 687 3519 εἶδε
707 3475 774 3534 etqs.
800 3473 829 3520 at
855 3483 905 3536 ego
925 3466 985 3521 dico
1004 3484 1059 3520 non
1079 3482 1138 3521 esse
1158 3483 1251 3536 nugas.
1271 3485 1332 3522 uam
1352 3486 1386 3523 ea

156 3573 225 3625 quae
244 3557 353 3610 narravi
371 3573 426 3610 non
445 3557 473 3610 in
492 3558 589 3610 Attica'
603 3556 650 3611 sed
669 3557 697 3610 in
712 3557 810 3610 Persia
828 3555 901 3609 facta
920 3562 991 3623 sunt,
1011 3555 1052 3610 vel
1072 3556 1128 3609 tale
1142 3555 1214 3622 quid.
1235 3588 1268 3596 —
1288 3559 1385 3614 Totius

155 3653 245 3701 autem
265 3645 344 3700 huius
370 3647 410 3700 rei
430 3661 513 3700 causa
530 3646 683 3715 repetenda
696 3661 763 3700 ¹esse
782 3645 889 3699 videtur
907 3661 941 3699 ex
960 3644 1021 3699 fuso
1041 3652 1123 3713 atque
1141 3645 1256 3700 verboso
1276 3647 1386 3702 dicendi

155 3751 256 3803 genere
275 3751 327 3802 quo
351 3738 452 3802 poetae
475 3734 598 3803 inprimis
618 3736 645 3788 in
664 3735 779 3804 prologo
800 3735 841 3788 uti
860 3734 992 3788 solebant,
1031 3734 1097 3787 Cum
1116 3740 1205 3788 autem
1228 3735 1280 3789 hoo
1298 3752 1385 3804 genus

155 3840 210 3879 non
235 3825 357 3892 ineptum
382 3824 418 3878 sit
442 3824 469 3877 in
489 3825 637 3892 comoedia,
665 3831 740 3880 certe
758 3825 793 3879 ad
811 3824 981 3894 tragoediam
1000 3825 1107 3878 minime
1127 3826 1250 3893 quadrat.
1287 3826 1386 3895 Neque

156 3919 246 3966 tamen
264 3912 411 3981 Euripides
434 3928 467 3966 eo
486 3912 626 3969 abstinuit.
664 3913 694 3965 ln
713 3913 827 3980 Helena,
849 3913 926 3968 cuius
945 3912 1055 3967 fabulae
1074 3920 1102 3967 et
1120 3914 1223 3969 formae
1243 3923 1271 3971 et
1292 3933 1386 3971 rerum

155 4018 252 4071 magna
278 4019 338 4056 cum
357 4003 498 4058 comoedia
517 4003 664 4057 similitudo
685 4008 735 4069 est,
760 4001 867 4056 Helena
885 4007 1031 4069 postquam
1050 4007 1117 4068 quot
1135 4002 1213 4056 malis
1233 4003 1331 4057 affecta
1350 4005 1387 4058 sit

156 4093 285 4162 exposuit
302 4093 366 4148 inde
385 4109 442 4147 av.
463 4095 498 4148 56
516 4094 586 4147 haec
604 4092 725 4162 profert:

422 4181 450 4232 τί
468 4177 527 4249 δῆτ’
544 4177 582 4233 ἔτι
601 4182 651 4245 §aa
669 4180 740 4233 θεοῦ
758 4176 816 4233 τόδ’
834 4174 970 4246 εἰσήκονά
988 4176 1054 4238 ἔπος

421 4262 532 4333 Ἑρμοῦ,
551 4265 582 4320 τὸ
601 4263 706 4318 κλεινόν
722 4261 751 4331 μ’
770 4262 810 4317 ἔτι
826 4263 998 4333 κατοικήσειν
1016 4261 1101 4316 πέδον

426 4351 556 4418 Σπάρτης
573 4349 623 4404 σὺν
641 4347 730 4451 α’νδρί,
749 4349 862 4418 γνόντος
880 4344 961 4410 ὦςς
934 4346 961 4409 ἐς
972 4343 1056 4401 Ἰλιον

424 4431 474 4487 oria
491 4423 626 4503 ἦλθον,”’
611 4453 657 4487 ινα
672 4432 710 4501 μὴ
729 4430 814 4498 λέκτρ’
830 4429 999 4499 υποστριόσω
1017 4433 1077 4486 τινί.

147 4519 220 4573 Rom
240 4537 403 4590 quamquam
419 4521 504 4590 paulo
524 4521 608 4589 magis
628 4526 728 4576 ceolam
747 4526 838 4574 tamen
857 4519 970 4575 eandem
991 4535 1051 4576 esso
1069 4520 1151 4577 uides.
