2910 4942
589 215 810 292 -li-

84 420 212 489 dicendi
246 439 349 502 genus
388 419 543 486 imitando
581 419 774 487 irridebant.
833 421 885 488 Sic
924 422 1043 504 tragici
1083 423 1199 490 coloris
1236 428 1312 491 sunt

84 531 342 598 tharuensium
365 549 479 595 versus
503 529 579 596 iude
602 527 643 596 ab
668 529 728 595 28:

298 636 361 722 ἐγὼ
385 633 411 698 δ’
433 636 481 699 ἀεί
504 633 675 720 πρώτιστος
698 636 740 711 είς
761 633 932 720 ἐκκλησίαν

297 751 413 807 νοστῶν
436 743 592 828 κάθημαι·
617 740 688 827 κάτ’
710 743 835 806 ἐπειδὰν
859 743 884 805 ὠ
909 742 1010 827 μόνος,

298 849 405 930 στένω,
429 848 560 935 κέχηνα,
585 849 804 934 σκορδινῶμαι,
829 848 990 935 πέρδομαι,

298 959 417 1041 ἀπορῶ,
440 957 562 1043 γράφω,
586 957 828 1041 παρατίλλομαι,
853 957 1025 1044 λογίζομαι,

83 1083 276 1169 quibuscum
299 1079 447 1147 conferas
471 1081 625 1146 Electrae
650 1081 848 1164 Sophocleae
872 1101 902 1146 v.
927 1081 992 1146 282
1016 1101 1085 1164 sq.:

297 1189 360 1275 ἐγὼ
383 1185 410 1251 δ’
432 1185 525 1272 δρῶσ’
546 1187 567 1272 ἡ
591 1187 742 1272 δύσμορος
765 1188 848 1250 κατὰ
872 1186 985 1274 στέγας

297 1295 408 1377 κλαίω,
431 1293 548 1379 τέτηκα
572 1291 769 1356 κάπικωκύω
792 1291 863 1355 κτλ·
884 1324 886 1328 ν

84 1423 201 1491 deinde
223 1420 365 1488 Nubium
388 1440 418 1485 v.
443 1420 503 1485 41:

296 1534 359 1697 ‘apg'
381 1629 476 1717 ὤφελ’
498 1630 519 1715 ἡ
542 1627 742 1716 προμνήστρι’
764 1630 943 1696 ἀπολέσθαι
968 1642 1086 1715 κακῶς,

83 1781 123 1827 ex
147 1779 210 1843 quo
226 1764 324 1841 poeta
347 1758 531 1852 argumenti
554 1758 776 1823 narrationem
797 1757 911 1839 incipit
928 1766 1058 1825 secutus
1074 1761 1210 1829 Medeae
1227 1782 1254 1827 v.
1275 1764 1310 1828 1:

297 1862 357 1929 εἴθ’
379 1862 474 1949 ὤφελ’
494 1861 626 1951 Ἀργοῦς
651 1867 693 1949 μὴ
718 1863 912 1928 διαπτάσθαι
935 1866 1065 1951 σκάφος.

82 1999 118 2059 et
140 1992 244 2058 multa
267 1991 341 2056 alia.

190 2116 416 2183 vetustiorum
445 2113 684 2180 comoediarum
714 2113 842 2194 prologi
875 2132 938 2179 non
968 2117 1062 2182 modo
1085 2118 1117 2183 id
1143 2136 1311 2186 commune

80 2221 205 2290 habent
235 2222 321 2305 quod
353 2223 455 2287 multa
484 2220 524 2286 iis
547 2221 708 2301 impressa
732 2227 808 2285 sunt
830 2223 977 2301 tragicae
1001 2224 1137 2305 originis
1161 2225 1311 2308 vestigia,

81 2332 141 2398 sed
163 2329 251 2396 inter
275 2347 311 2394 se
333 2326 425 2409 ipsae
451 2344 578 2409 quoque
602 2325 696 2390 valde
721 2333 797 2391 sunt
820 2325 952 2393 similes.
1001 2327 1093 2406 Quod
1117 2331 1253 2398 maxime
1277 2334 1309 2398 in

81 2437 222 2504 alterum
247 2454 349 2518 genus
372 2433 469 2512 cadit,
494 2435 545 2499 cui
570 2432 708 2515 Equites
730 2435 857 2516 Vespas
873 2435 989 2501 Pacem
1010 2440 1095 2503 Aves
1123 2457 1162 2503 ex
1185 2441 1311 2505 Aristo-

81 2543 219 2628 phaueis
242 2540 362 2608 labulis
386 2539 631 2622 adscripsimus.
668 2541 710 2606 Hi
734 2541 819 2606 enim
843 2542 970 2624 prologi
996 2545 1136 2625 primum
1160 2546 1246 2628 quod
1269 2547 1311 2613 ad

81 2650 267 2717 universam
287 2648 529 2731 compositionis
545 2646 683 2713 formam
708 2649 828 2715 attinet
851 2649 931 2714 mire
954 2649 1042 2716 inter
1065 2670 1101 2717 se
1117 2659 1310 2734 congruunt.

80 2760 154 2839 Qua
177 2761 217 2826 de
240 2777 277 2824 re
300 2777 372 2825 cum
395 2774 497 2838 supra
520 2757 585 2821 iam
608 2762 715 2822 actum
740 2756 793 2836 sit,
817 2776 901 2822 nunc
925 2757 984 2822 hoc
1010 2777 1107 2822 unum
1125 2758 1208 2824 addo
1225 2759 1311 2841 quod

80 2883 188 2948 neque
210 2867 244 2954 in
260 2865 434 2948 Equitibus
457 2883 563 2947 neque
586 2864 620 2929 in
644 2865 762 2945 Vespis
786 2882 891 2945 neque
915 2863 948 2928 in
972 2864 1056 2930 Pace
1081 2867 1219 2932 duorum
1242 2885 1312 2932 ser·

80 2990 195 3039 vorum
228 2973 314 3037 alter
344 2976 419 3053 post
451 2972 622 3052 prologum
654 2971 687 3033 in
721 2986 871 3035 scaenam
894 2971 991 3038 redit.
1038 2973 1154 3055 ltaque
1178 2992 1240 3038 non
1264 2973 1312 3039 ita

80 3077 165 3145 scite
187 3081 286 3158 poeta
308 3076 341 3143 id
364 3081 492 3142 tantum
516 3078 594 3158 egit,
617 3082 655 3142 ut
678 3073 789 3141 labula
812 3097 832 3142 a
856 3077 1004 3146 diverbio
1023 3080 1149 3147 initium
1167 3087 1308 3161 caperet.

79 3183 147 3251 Sed
177 3184 276 3249 etiarn
309 3182 395 3265 quod
427 3184 468 3248 ad
502 3183 643 3249 minores
671 3202 725 3248 res
748 3189 782 3248 et
804 3182 878 3264 ipsa
900 3186 1002 3251 verba
1033 3184 1151 3250 attinet
1185 3187 1311 3253 Aristo-

79 3290 206 3374 phanes
235 3309 334 3372 saepe
358 3290 609 3374 Aristophanem
634 3292 828 3374 compilavit.
876 3293 1024 3375 Exempli
1055 3294 1164 3372 gratia
1188 3313 1310 3376 paucos

80 3399 304 3465 tautummodo
336 3398 424 3465 locos
457 3416 497 3462 ex
529 3414 646 3480 magno
678 3416 814 3462 numero
847 3397 958 3468 allero.
1012 3399 1055 3464 Et
1088 3400 1244 3481 Equitum
1278 3409 1312 3468 et-

84 3541 456 3559 ——F'

80 3607 169 3664 luisse
186 3609 371 3677 statuerimus,
397 3609 420 3664 si
438 3626 504 3665 vera
523 3618 597 3665 esset
614 3610 733 3665 Nauckii
751 3612 896 3678 sententia,
921 3624 1079 3678 cogeremus
1099 3608 1212 3663 credere
1230 3609 1311 3664 Euri·

80 3696 174 3766 pidem
192 3697 220 3750 in
239 3697 426 3765 componenda
438 3698 545 3752 Helena
562 3699 632 3752 alius
645 3706 745 3767 poetae
759 3699 887 3766 fabulam,
907 3699 984 3754 cuius
998 3704 1186 3766 argumentum
1198 3715 1311 3769 prorsus

80 3786 157 3842 aliud
174 3784 266 3853 fuerit,
289 3794 416 3842 accurate
435 3787 569 3842 imitatum
589 3803 657 3843 esse.
693 3788 751 3842 Iam
769 3789 792 3843 si
812 3795 886 3843 recte
904 3790 972 3843 haec
993 3787 1133 3855 disputata
1151 3793 1223 3853 sunt,
1242 3785 1311 3840 iudi·

77 3874 198 3931 ’σοοιίοιο
216 3891 277 3931 esse
295 3876 405 3932 ridetur
423 3885 487 3932 aute
506 3894 604 3932 annum
623 3879 676 3932 424
690 3878 834 3946 Sophoclis
846 3877 979 3932 Helenam
998 3881 1086 3929 actam
1106 3889 1175 3940 esse,
1194 3890 1265 3942 quae
1283 3875 1311 3927 iu

81 3964 179 4020 eodem
202 3963 262 4019 fere
286 3974 446 4034 argumento
466 3973 622 4022 versaretur
644 3967 672 4020 in
691 3983 744 4035 quo
764 3966 922 4036 Euripides
960 3962 1040 4033 Quod
1058 3969 1089 4016 ut
1107 3962 1203 4017 credat
1221 3968 1311 4016 tamen

80 4070 136 4111 non
154 4055 195 4108 ita
211 4053 293 4109 facile
313 4056 456 4123 quisquam
474 4057 591 4111 animum
610 4056 728 4111 iuducet.
765 4056 836 4111 Nam
855 4057 879 4112 si
896 4071 989 4110 verum
1009 4056 1061 4109 hoc
1080 4053 1123 4119 sit,
1147 4050 1238 4106 facere
1256 4068 1311 4107 non

79 4144 232 4214 poterimus
258 4144 323 4211 quin
341 4145 505 4214 Sophoclem
530 4147 647 4216 primum
674 4146 812 4215 vulgarem
831 4144 941 4200 fabulae
960 4142 1074 4197 formam
1094 4142 1161 4196 satis
1181 4141 1312 4196 audacter

80 4228 244 4298 deseruisse,
262 4230 424 4299 Euripidem
436 4238 527 4286 autem
546 4233 605 4287 eius
624 4232 739 4300 vestigia
757 4233 891 4301 pressisse
910 4239 1046 4301 putemus,
1065 4245 1125 4282 cum
1139 4235 1229 4282 tamen
1243 4231 1310 4285 satis

79 4325 188 4374 constet
204 4317 365 4387 Euripidem
392 4320 509 4374 maxime
536 4319 603 4374 talia
629 4334 732 4373 novare
760 4318 871 4372 solitum
898 4316 991 4370 fuisse.
1028 4316 1124 4384 ltaque
1150 4333 1311 4385 quocunque

79 4406 162 4462 modo
181 4422 238 4462 rem
256 4407 372 4475 volutas,
391 4414 484 4462 tantae
496 4407 673 4463 difficultates
688 4408 812 4461 oriuntur
825 4414 855 4460 ut
868 4406 993 4474 equidem
1007 4405 1072 4474 quid
1085 4408 1258 4462 statuendum
1274 4408 1311 4463 sit

78 4511 195 4571 prorsus
213 4497 344 4566 ignorem.
