2910 4942
13 3878 22 3909 ί

10 3918 23 4111 ‚4

10 4786 16 4874 ¹,
81 4855 84 4859 ,

565 245 781 313 ..ῃψ

54 441 221 511 translata
245 441 319 524 sint,
344 443 405 509 hac
421 463 460 510 ex
484 441 595 509 fabula
618 442 658 509 de
674 443 894 510 Menandreae
916 443 1048 510 exordio
1065 442 1285 510 coniecturam

56 552 166 618 faeere
194 552 279 616 lieet.
305 546 464 617 -Duae
496 549 626 616 fabulae
651 550 876 630 Terentianae,
910 551 1039 634 Hecyra
1065 556 1100 616 et
1121 552 1285 632 Phormio,

57 675 233 740 expressae
257 662 333 723 sunt
356 676 394 722 ex
418 657 574 739 exemplis
599 658 788 740 Apollodori
809 656 960 742 Carystii.
1008 657 1099 736 Quod
1123 657 1165 724 ad
1190 676 1285 740 expo·

55 767 206 831 sitionem
231 764 349 829 attinet
364 783 481 847 magna
498 765 537 831 iis
555 769 605 832 est
621 766 807 833 similitudo.
848 765 1025 833 Exorditur
1041 765 1126 831 enim
1143 762 1286 832 fabulam

56 890 199 954 persona
217 869 294 955 (una
310 871 361 936 vel
380 871 475 953 duae)
493 872 544 938 cui
561 891 631 938 eum
650 879 843 954 argumento
859 891 995 953 prorsus
1011 871 1091 937 nihil
1109 878 1168 938 est.
1204 871 1287 939 Sunt

56 978 212 1063 πρόσωπα
236 977 419 1062 repararent,
448 980 535 1062 quod
558 999 774 1062 personarum
798 998 900 1062 genus
926 999 996 1046 eam
1020 982 1122 1044 solam
1146 977 1186 1045 ob
1211 999 1286 1046 cau-

57 1105 128 1152 sam
160 1085 335 1166 inducitur,
370 1092 406 1151 ut
438 1088 483 1152 sit
509 1086 649 1170 aliquis·
665 1089 716 1152 eui
749 1091 975 1168 argumentum
1008 1085 1139 1151 narrari
1171 1088 1285 1168 possit.

56 1193 166 1273 Atque
189 1191 269 1257 illud
286 1211 414 1275 quaque
438 1193 489 1259 his
512 1192 632 1261 fabulis
657 1214 822 1262 commune
846 1192 1001 1275 estquod
1023 1192 1116 1260 initio
1141 1194 1230 1259 solae
1253 1194 1285 1263 iu
1382 1259 1386 1267 ,

56 1318 208 1366 scaenam
233 1318 393 1381 personae
415 1301 491 1367 illae
518 1301 700 1383 prolatione
724 1301 896 1382 prodeunt.
943 1300 976 1366 Is
1000 1306 1108 1366 autem
1139 1299 1286 1382 quirem

57 1407 167 1472 altera
199 1406 231 1470 in
255 1412 374 1472 scaena
404 1407 535 1489 exponit
565 1407 741 1488 utrubique
769 1425 884 1474 seruus
908 1414 968 1481 est,
1016 1407 1154 1472 Maxime
1179 1415 1287 1474 autem

56 1501 93 1578 id
117 1515 274 1580 miramur
298 1514 383 1596 quod
408 1516 506 1581 etiam
536 1515 570 1580 in
593 1515 773 1582 minoribus
803 1514 903 1581 rebus
926 1515 1033 1581 altera
1055 1512 1167 1580 fabula
1189 1515 1286 1580 alteri

55 1616 141 1683 satis
165 1619 278 1686 similis
304 1627 364 1687 est.
411 1623 461 1689 Ad
485 1643 524 1689 ea
547 1623 632 1689 enim
657 1643 740 1708 quae
755 1623 966 1690 Parmenonis
991 1621 1172 1687 narrationi
1196 1628 1287 1687 ante·

55 1724 179 1800 cedunt
212 1746 314 1810 prope
348 1730 405 1796 illa
439 1733 598 1797 accedunt
633 1751 716 1813 quae
751 1731 837 1797 Geta
877 1727 1069 1812 praemittit.
1129 1728 1287 1795 conferas

54 1831 212 1915 Hecyrae
231 1854 347 1903 versus
371 1837 445 1904 inde
469 1857 488 1903 a
514 1839 594 1904 103:
756 1849 758 1852 ’
783 1845 785 1849 ’

192 1945 244 2004 sed
264 1947 316 2019 qni
338 1949 411 2008 istac
433 1950 548 2009 medam
570 1951 612 2009 ita
636 1931 704 2021 esse,
730 1950 878 2018 dicentii,
902 1951 1054 2010 Parmeno.

127 2084 172 2094 -
193 2071 254 2112 non
276 2058 318 2113 est
341 2073 411 2128 opas
428 2058 565 2130 prototo:
586 2059 639 2117 troc
655 2059 856 2131 percontarier

138 2230 142 2237 ,
194 2162 305 2220 desiste.
331 2197 374 2206 -
397 2181 496 2238 nempe
518 2183 552 2225 ea
574 2183 672 2236 consa,
694 2168 727 2224 at
748 2181 785 2222 ne
806 2164 839 2242 id
853 2165 912 2238 yiat
928 2163 1053 2237 paam!

194 2267 236 2324 tta
258 2285 302 2325 one
325 2268 356 2326 di
379 2271 526 2340 amabant,
550 2270 631 2330 hand
648 2275 801 2346 propterea
824 2275 850 2331 te
872 2289 950 2347 rapo,

194 2379 226 2433 nt
247 2376 300 2435 troo
314 2378 476 2453 proferam,
499 2379 552 2438 sed
572 2383 605 2437 nt
627 2381 846 2467 taciturnorum
866 2377 1018 2453 qondam.

43 2531 48 2537 .
128 2513 171 2524 —-
194 2499 352 2557 nunqnam
375 2489 434 2544 tarn
457 2486 534 2560 dices
557 2488 707 2557 commode,
729 2491 763 2553 nt
785 2491 895 2560 mpura
917 2501 1011 2544 menn

195 2593 274 2650 tuam
297 2595 329 2651 tn
349 2593 436 2663 rident
459 2597 638 2656 conmittana
667 2629 706 2639 —
731 2595 769 2654 ott
791 2595 863 2663 noti,
889 2593 1053 2652 Parmeno:¹

195 2702 281 2771 qnasi
303 2705 334 2760 tn
356 2719 416 2760 non
437 2702 528 2761 nnita
549 2704 636 2761 matie
658 2719 782 2761 narrare
804 2701 856 2759 ttae
878 2692 951 2758 oniti

195 2821 282 2876 quarn
303 2823 354 2880 eye
376 2825 449 2880 qnae
466 2813 621 2887 percontor
643 2811 725 2869 seire.
751 2843 793 2852 -
816 2825 885 2867 ocra
906 2808 976 2866 iaec
992 2805 1155 2878 praedicat,

67 2954 88 2974 -,
195 2915 222 2970 et
244 2913 320 2972 itind
340 2913 413 2974 miti
433 2918 563 2976 oitiannst
585 2933 763 2975 mannen.
788 2916 815 2974 si
836 2915 910 2973 miti
925 2913 1017 2986 fidene

196 3019 249 3079 dae
272 3025 298 3080 te
320 3025 481 3095 tacituram,
505 3028 607 3086 dican
633 3061 672 3071 -
697 3026 738 3085 ad
759 3027 907 3100 inpertiam
929 3025 1016 3086 redis.

188 3126 281 3199 fidon
304 3129 356 3186 do:
379 3128 499 3202 toquere.
525 3165 568 3176 -
591 3131 733 3192 aaronita.

60 3241 134 3294 cum
157 3227 361 3295 Phormionis
384 3231 633 3301 versibus's'nde
656 3253 676 3300 a
699 3233 759 3300 57:

172 3339 247 3399 sed
268 3341 340 3412 qnid
362 3345 393 3400 tn
416 3359 445 3403 es
468 3345 583 3405 tristis!
605 3379 648 3389 —
671 3352 778 3420 epona!
799 3346 892 3404 nescis
915 3362 971 3417 qno
993 3345 1026 3403 in
1047 3348 1133 3412 necta,

195 3453 304 3520 quanto
326 3451 358 3508 in
375 3451 487 3523 periclo
508 3452 619 3512 simne!
645 3487 683 3499 —
707 3453 780 3525 qnid
801 3454 876 3512 istnc
897 3455 960 3510 est!
981 3485 1024 3496 -
1047 3453 1129 3519 scies,

155 3569 162 3587 ⁶
195 3556 280 3616 modo
301 3561 335 3616 nt
357 3561 448 3617 taem
465 3561 574 3630 possis.
599 3592 642 3604 -
667 3559 788 3627 adisis,
812 3558 958 3617 instans:

108 3711 110 3714 Α
139 3662 143 3669 ’
197 3665 301 3736 qnoins
324 3668 356 3723 tn
371 3665 463 3738 fidem
485 3667 518 3725 in
534 3667 663 3739 pecnnia
679 3666 874 3739 perspeceris,
914 3698 919 3710 ·

196 3787 291 3829 oerore
313 3773 400 3831 noba
422 3775 450 3832 ei
471 3775 603 3833 crederet
623 3775 676 3832 nbi
697 3774 769 3846 qnid
791 3773 864 3832 oniti
888 3774 988 3832 Mutet

197 3883 224 3938 te
238 3880 435 3957 fatteret—
459 3897 526 3955 erpo
548 3873 687 3940 monita
777 3927 779 3930 <

63 3980 204 4047 Videtur
237 3982 339 4065 igitur
362 3984 580 4066 apollodorus
613 3983 694 4049 satis
728 3981 841 4064 putide
874 4000 909 4048 se
941 3980 1013 4063 ipse
1043 3979 1094 4046 his
1128 3978 1161 4043 in
1193 3975 1291 4045 rebus

64 4089 267 4170 compilasse.
302 4126 345 4138 -
379 4090 442 4156 Sed
473 4090 600 4157 omnino
624 4090 684 4155 hoe
708 4088 917 4171 expositionis
942 4106 1055 4171 genus,
1088 4105 1161 4169 quo,
1199 4085 1292 4167 quasi

64 4214 196 4262 arcana·
215 4202 314 4279 atque
348 4197 473 4264 silenda
507 4218 579 4277 res,
615 4197 745 4264 tabulae
781 4202 1007 4279 argumentum
1043 4213 1083 4260 ex
1116 4212 1217 4259 verna
1248 4193 1297 4257 ab,

63 4304 199 4369 homine·
226 4302 334 4385 aliquo
366 4307 501 4368 externo
534 4300 694 4379 eliciatur,
730 4300 797 4365 late
828 4298 916 4381 apud
945 4299 1031 4364 illius
1065 4298 1184 4365 aetatis
1215 4317 1296 4379 poe-

63 4415 117 4476 tas
140 4411 256 4492 patuit.
303 4409 386 4476 Mam
416 4428 479 4475 non
510 4409 622 4476 dubito
654 4407 732 4491 quin
761 4427 800 4474 ea
831 4425 959 4490 quoque
991 4425 1073 4488 quae
1099 4423 1292 4488 quamquam

44 4523 222 4599 ¹corrupta
253 4516 285 4581 in
318 4516 466 4584 Grameri
497 4516 670 4583 Aneedotis
706 4515 866 4581 Parisiuis
899 4515 966 4580 1111
1004 4513 1070 4578 418
1108 4507 1292 4597 (Menandri

1171 4632 1198 4680 ‘a
