2910 4942
669 232 711 243 -
757 192 800 261 66
846 233 890 244 .-

607 323 882 473 uuuuuuuu
908 387 945 471 u
1047 504 1049 509 γ

569 554 572 562 “
704 548 848 619 aduae.

167 743 168 746 κ
269 712 364 795 spus
379 710 582 779 Athenaeum
598 711 673 780 xiv
696 710 787 779 6590
810 711 895 779 uuae
914 671 1070 792 leguntur
1093 714 1145 797 (u.
1167 714 1216 780 111
1239 734 1269 797 p.
1296 714 1394 800 aaa:

162 815 233 882 ἀλλ’
255 819 272 881 δ
295 840 332 904 γε
347 817 555 898 Ποσείδιππος
578 820 647 904 περί
663 817 784 884 δούλων
800 817 956 904 μαγείρων
972 819 1004 883 ἐν
1019 815 1273 905 Ἀποκλειομένῃ
1290 820 1394 906 φησίν·

273 973 275 976 >
324 937 326 941 ’
383 928 470 990 ταυτί
494 927 550 1010 μέν
573 927 626 990 οὖν
650 932 787 989 τοιαῦτα.
811 921 972 1008 συμβαίνει
995 920 1030 986 δέ
1053 943 1082 986 τι
1375 957 1377 960 >

59 1031 65 1047 '
197 1078 201 1086 ι
269 1092 272 1098 ,
317 1091 330 1098 ,.
382 1041 435 1099 νῦν
460 1053 511 1117 μοι
534 1032 727 1098 διακονοῦντι
750 1033 836 1116 παρὰ
859 1038 903 1116 τῷ
926 1029 1062 1116 δεσπότῃ

327 1231 330 1238 Ι
383 1142 515 1206 ἀστεῖον·
540 1141 600 1226 οὐχ
622 1136 761 1222 ἁλώσομ’
783 1138 924 1222 ἐκφέρων
947 1135 1052 1222 κρέας.

160 1244 229 1312 Ιυω
258 1263 359 1327 supra
388 1245 613 1312 adnotavimus
642 1264 773 1312 servum
804 1244 837 1309 iu
860 1242 1130 1312 antecedentibus
1154 1245 1305 1313 uersibus
1325 1266 1392 1315 uon

160 1350 255 1416 modo
279 1349 320 1416 de
343 1349 530 1417 condicione
553 1369 614 1417 sua
636 1351 694 1417 sed
717 1350 759 1416 de
781 1351 883 1418 totius
906 1350 1038 1418 fabulae
1061 1359 1254 1434 argumento
1283 1352 1392 1434 egisse

34 1487 38 1494 ·
160 1456 274 1523 uideri.
321 1439 405 1535 Quid
428 1461 537 1523 autem
562 1457 782 1541 praecesserit
805 1457 925 1539 partim
947 1459 1063 1527 saltem
1087 1459 1120 1524 ui
1144 1457 1242 1525 fallor
1266 1461 1392 1527 coniec-

160 1568 236 1631 tura
265 1563 396 1646 assequi
418 1582 600 1646 possumus.
648 1562 736 1631 Dicit
758 1564 844 1630 euim
869 1564 935 1648 ille,
964 1584 1036 1632 cum
1059 1585 1122 1633 nou
1146 1567 1230 1635 liber
1253 1567 1307 1649 sit,
1330 1568 1392 1636 sed

160 1672 289 1740 domino
313 1673 446 1755 seruiat,
469 1691 534 1739 non
553 1691 626 1740 esse
641 1671 832 1756 periculum,
856 1691 898 1738 ue
922 1691 1052 1740 caruem
1076 1692 1094 1739 e
1117 1673 1212 1739 dumo
1235 1673 1392 1741 auferens

131 1823 136 1842 -,
160 1779 435 1861 deprehendatur,
459 1778 556 1846 immo
578 1779 667 1846 iuius
690 1798 727 1846 se
751 1784 785 1846 et
807 1779 994 1847 iuraturum
1018 1787 1053 1847 et
1078 1798 1282 1848 comesurum
1306 1795 1390 1847 esse.

159 1887 227 1954 Iam
251 1887 280 1958 si
303 1885 498 1962 conferimus
523 1899 562 1953 ea
585 1904 669 1969 quae
685 1886 782 1968 paulo
806 1890 883 1952 aute
902 1885 989 1968 apud
999 1887 1209 1954 ‘Athenaeum
1232 1887 1392 1969 leguntur

160 1992 263 2080 (65ss
284 1993 364 2081 sq.):
401 1993 474 2058 οὐδὲ
504 1994 566 2080 γάρ
596 1994 634 2057 ἀν
664 1995 749 2078 εὕροι
778 2014 822 2070 τις
845 1993 931 2076 ὑμῶν
959 1992 1070 2058 δοῦλον
1094 1983 1242 2081 μάγειρόν
1264 2015 1334 2060 τινα
1358 1994 1392 2061 ἐν

159 2100 310 2188 κωμῳδίᾳ
332 2099 415 2188 πλὴν
439 2102 526 2185 παρά
548 2099 748 2186 Ποσειδίππῳ
772 2099 868 2186 μάνη),
891 2119 955 2166 nou
979 2101 1049 2167 siue
1073 2101 1182 2184 aliqua
1204 2101 1391 2169 verisimili-

159 2209 272 2277 tudine
304 2209 465 2292 suspicari
497 2220 669 2290 possumus
701 2208 769 2274 tale
801 2207 880 2290 quid
910 2225 1042 2274 servum
1072 2215 1169 2275 autea
1191 2208 1389 2292 protulisse:

160 2317 262 2383 aeteri
286 2316 380 2399 coqui
404 2315 515 2398 quiin
539 2314 713 2381 comoediis
729 2315 921 2397 procedunt,
945 2314 1042 2381 liberi
1058 2322 1134 2383 suut
1149 2315 1312 2398 homines3
1339 2336 1392 2384 me

160 2430 268 2491 autem
292 2423 487 2506 Posidippus
517 2441 647 2490 servum
670 2440 745 2489 esse
768 2422 879 2504 voluit,
908 2421 1016 2490 itaut
1039 2421 1198 2510 Athenaei
1222 2423 1304 2491 illud
1328 2424 1391 2490 hoa

159 2529 230 2613 ipso
263 2550 303 2597 ex
333 2529 470 2612 prologo
502 2526 633 2595 fluxisse
663 2527 843 2610 putandum
875 2528 929 2594 sit.
977 2527 1046 2594 Hoc
1077 2528 1162 2594 euim
1192 2547 1231 2595 eo
1261 2549 1392 2614 quoque

158 2638 332 2720 probatum
347 2636 433 2720 quod
449 2654 512 2702 nou
528 2654 641 2703 verum
656 2654 730 2702 esse
745 2635 891 2716 uidetur3
911 2655 986 2703 uam
1001 2636 1054 2702 uix
1071 2636 1241 2720 quisquam
1258 2637 1393 2720 putabit

158 2742 320 2812 homiuem
342 2745 482 2812 liberum
507 2763 580 2811 eum
603 2757 740 2827 coquum
764 2763 838 2811 esse
861 2744 917 2827 qui
940 2748 1052 2826 partes
1077 2742 1147 2826 egit
1164 2744 1198 2809 iu
1214 2743 1392 2813 Archediai

159 2851 337 2919 Thesauro.
396 2850 553 2918 conferas
588 2851 792 2917 Athenaeum
827 2847 1036 2919 vl1.294b:
1074 2845 1258 2938 Ἀρχέδικος
1294 2848 1322 2914 δ’
1357 2852 1391 2917 ἐν

43 3024 46 3028 A
158 2955 314 3044 Θησαυρῷ
338 2955 473 3042 παράγει
502 2956 570 3020 τινά
594 2955 741 3041 μάγειρον
764 2954 908 3042 λέγοντα,
938 2957 1008 3042 περί
1032 2956 1076 3021 ών
1099 2955 1271 3044 ὠψώνηκεν
1295 2960 1392 3038 αὐτὸς

157 3063 261 3148 (thk
282 3063 333 3130 111
355 3083 388 3146 p.
412 3061 502 3145 277)·

372 3169 520 3255 δραχμῶν
543 3177 634 3256 τριῶν
657 3169 850 3257 γλαυκίσκον
875 3219 888 3242 .,
908 3219 1052 3237 .....
1165 3231 1167 3237 ,

370 3277 506 3363 γόγγρου
530 3277 673 3364 κεφαλὴν
696 3280 751 3343 καί
774 3280 813 3342 τά
836 3286 947 3364 πρῶτα
970 3280 1105 3368 τεμάχια

370 3380 520 3468 δραχμῶν
543 3381 637 3448 πάλιν
662 3380 756 3448 πέντ’·
781 3384 806 3447 ώ
829 3384 1030 3472 ταλαιπώρου
1055 3387 1132 3474 βίου.

371 3487 513 3575 δραχμης
536 3485 723 3573 τραχήλους·
748 3486 833 3552 ἀλλά
855 3492 893 3574 νὴ
917 3491 969 3556 τὸν
994 3490 1093 3576 ἣλιον,

371 3595 466 3679 κάμοί
489 3593 647 3681 τράχηλον
671 3596 775 3682 ἕτερον
799 3600 829 3662 εἴ
849 3598 950 3664 ποθεν
974 3598 1084 3685 λαβεῖν

370 3705 410 3789 ην
433 3705 487 3768 καί
510 3704 664 3788 πρίασθαι
687 3704 827 3789 δυνατόν,
856 3708 891 3772 ὃν
914 3709 980 3795 ἔχω
1002 3719 1112 3777 τοῦτον
1135 3710 1173 3774 ἀν

370 3813 441 3896 πρίν
464 3810 650 3896 εἰσενεγκεῖν
673 3821 771 3876 ταῦτα
795 3809 877 3898 δεῦρ’
899 3813 1097 3902 ἀπηγξάμην.

370 3917 475 3995 οὐδείς
498 3916 720 4005 δεδιακόνηκεν
744 3916 982 4005 ἐπιπονώτερον.

370 4026 437 4110 άμα
461 4025 516 4110 μὲν
540 4024 694 4110 πρίασθαι
717 4024 823 4090 πολλά
845 4026 899 4090 καί
923 4023 1043 4089 πολλοῦ
1066 4024 1196 4112 σφόδρα,

370 4130 436 4213 ἅμα
459 4127 486 4193 δ’
508 4132 537 4194 εἴ
557 4151 585 4195 τι
607 4133 743 4218 χρηστὸν
767 4128 964 4217 ἀγοράσαιμ’,
989 4130 1194 4220 ἀπωλλύμην.

371 4234 550 4318 ,,κατέδοντ’
572 4238 719 4321 ἐκεῖνοιίί,
742 4247 832 4303 τοῦτο
855 4240 932 4324 πρὸς
954 4238 1088 4324 ἐμαυτὸν
1111 4239 1206 4326 λέγω,

370 4342 582 4426 ,,διαπυτιοῠσ’
604 4348 686 4411 οίνον
711 4345 745 4411 δέ
767 4356 905 4412 τοιοῦτον
927 4346 1060 4434 χαμαίίί.

369 4453 460 4535 οἴμοι.
980 4445 984 4455 ’
