2910 4942
563 143 822 252 -m-v

57 389 222 470 signatum
258 391 484 468 argumentum
520 384 649 450 fabulae
685 381 876 465 praebuisse
916 383 1111 463 suspicatur.
1170 381 1285 461 ltaque

57 494 258 560 Philemonis
274 494 390 559 Sardio
414 492 572 575 quaedam
589 511 661 557 cum
678 489 864 572 Apollodori
881 489 1150 572 Epidicazomeuo
1175 487 1286 552 simili-

57 602 139 666 tudo
163 599 264 665 fuisse
288 598 427 663 videtur.
475 594 567 672 Quod
598 613 691 659 nemo
715 591 888 658 mirabitur
912 595 967 675 qui
999 594 1175 660 sescenties
1198 594 1285 661 illius

58 707 179 774 aetatis
209 713 323 788 poetas
355 703 492 769 comicos
521 702 661 768 alterum
692 701 831 767 alterum
856 701 1017 766 imitatum
1048 719 1120 766 esse
1145 708 1177 767 et
1200 722 1285 774 com·

58 816 181 898 pilasse
205 814 388 880 meminerit
402 811 421 876 ¹.

166 923 382 988 Revertamur
414 920 456 985 ad
488 936 557 984 rem
591 916 803 999 propositam.
851 914 1035 981 Scholiasta
1061 916 1138 980 Eur.
1166 916 1283 981 Troad.

59 1029 122 1095 821
154 1029 234 1094 haec
267 1027 377 1093 affert:
416 1025 601 1111 Ἀντιφάνης
633 1022 850 1108 Λαομέδοντος
887 1022 986 1087 παῖδα
1017 1024 1070 1086 τὸν
1100 1021 1285 1108 Γανυμήδην

58 1139 132 1224 φησί
156 1136 207 1199 διὰ
229 1135 345 1199 τούτων
369 1133 444 1215 lfrg.
471 1133 538 1213 73)-

272 1249 332 1305 τῶν
356 1241 461 1305 οἰκιῶν
485 1243 538 1306 οὖν
563 1241 605 1305 ὧν
629 1240 702 1325 δρᾷς
725 1239 758 1303 ἐν
782 1238 856 1324 τῇδε
880 1240 936 1323 μὲν

273 1348 289 1412 ὁ
313 1357 373 1412 τῶν
398 1347 533 1433 Φρυγῶν
558 1346 704 1432 τύραννος
727 1348 821 1411 οἰκῶν
844 1346 992 1432 τυγχάνει

271 1455 381 1542 γέρων,
405 1453 460 1518 ἀπ’
482 1456 582 1541 ἀρχῆς
605 1452 778 1538 Λαομέδων
801 1452 1004 1538 καλούμενος.

58 1562 240 1628 Meinekius
276 1563 346 1646 (ΙΙΙ.
383 1583 414 1644 p.
439 1561 494 1643 41)
531 1563 610 1626 haec
645 1560 799 1626 adnotat:
835 1559 996 1628 ‘videntur
1027 1568 1219 1644 praesentes
1254 1567 1286 1627 iu

58 1689 178 1736 scaena
211 1689 310 1753 agere
335 1668 516 1735 Mercurius
549 1674 582 1733 et
615 1668 697 1733 alius
729 1667 870 1749 quidam,
903 1669 955 1734 cui
981 1668 1175 1752 Ganymedis
1199 1669 1286 1750 rapi·

57 1798 133 1844 nam
157 1776 309 1859 iuppiter
344 1775 564 1842 mandaverat.
619 1775 702 1840 Huic
728 1775 811 1840 viam
843 1778 1047 1843 monstrabat
1077 1773 1280 1842 Mercurius’.

59 1885 150 1963 Quae
179 1903 259 1950 vera
281 1902 354 1949 esse
378 1888 525 1964 possunt.
573 1882 763 1948 Certissima
786 1888 896 1948 autem
919 1885 1045 1951 ratione
1069 1884 1205 1965 prologo
1225 1884 1286 1949 viri

58 1991 144 2057 docti
166 1992 246 2057 haec
269 1988 466 2056 tribuerunt.
515 1989 564 2054 Ex
587 2007 705 2071 magna
737 1990 820 2054 enim
844 1992 1051 2058 accuratione
1081 2010 1145 2074 qua
1169 2009 1286 2057 scaena

57 2104 93 2164 et
116 2097 344 2164 Laomedontis
376 2116 430 2163 res
461 2097 691 2164 describuntur
715 2099 922 2179 cognoscitur
953 2105 1083 2180 poetam
1107 2097 1141 2163 id
1174 2116 1284 2179 agere,

59 2211 97 2270 ut
120 2211 323 2286 spectatores
341 2205 380 2269 de
404 2205 534 2270 fabulae
551 2210 742 2286 argumento
768 2204 926 2271 certiores
950 2204 1059 2272 iaciat.
1099 2206 1160 2271 Est
1176 2212 1285 2272 eutem

57 2313 140 2378 haec
157 2331 285 2394 quoque
305 2311 460 2391 condicio,
485 2318 522 2377 ut
537 2312 633 2393 primi
657 2314 689 2376 in
714 2318 920 2394 conspectum
938 2312 1047 2395 populi
1064 2313 1286 2394 producantur

57 2423 123 2485 duo
145 2419 291 2485 homines
316 2420 371 2501 qui
395 2419 436 2484 ad
468 2419 605 2486 alicuius
634 2420 763 2486 domum
796 2420 892 2487 alteri
924 2440 987 2486 nou
1017 2425 1126 2486 notam
1156 2420 1285 2503 profici·
1372 2455 1374 2460 ·

58 2533 200 2606 scantur,
224 2527 312 2593 inter
329 2545 384 2593 eas
401 2547 421 2592 a
438 2528 554 2610 quibus
571 2528 761 2610 saepissime
784 2535 903 2611 poetae
918 2526 1046 2594 fabulas
1063 2528 1285 2594 ordiebantur.

58 2634 213 2700 Eiusdem
249 2635 379 2716 generis
413 2640 465 2700 est
499 2635 702 2702 Curculionis
737 2637 909 2704 Plautinae
944 2638 1154 2718 principium
1193 2637 1285 2716 legas

56 2762 85 2807 ν,
114 2743 130 2805 l
156 2760 204 2823 sq.
231 2741 271 2805 12
302 2760 350 2823 sq.
376 2740 427 2806 39.
486 2742 534 2808 Ad
566 2743 673 2824 ipsum
704 2745 875 2825 prologum
908 2743 1041 2826 proprie
1072 2742 1127 2825 qui
1165 2742 1286 2809 dicitur

52 2849 220 2914 translata
244 2846 323 2912 haec
348 2849 432 2914 ratio
458 2854 508 2913 est
531 2849 564 2914 in
588 2838 786 2928 Trinummo,
811 2851 902 2917 cuius
926 2848 986 2914 hoe
1010 2855 1061 2915 est
1084 2848 1231 2914 initium:

273 2959 395 3032 Sequere
417 2959 471 3018 huc
492 2976 545 3029 ινα,
568 2963 667 3034 puato,
689 2964 723 3019 ut
744 2979 850 3021 munus
865 2962 1009 3037 senueris
1033 2964 1123 3019 tuum.

205 3101 245 3110 -
271 3071 457 3138 sequemet
477 3067 566 3138 picem
580 3068 651 3143 fore
673 3085 756 3140 quem
779 3069 874 3129 dicam
895 3069 999 3128 nescia

205 3207 248 3218 -
271 3174 371 3232 adest:
393 3191 463 3231 uum
485 3175 569 3233 iliaco
583 3179 660 3234 suoi
682 3175 786 3236 aedes:
808 3178 820 3235 τ’
842 3178 920 3235 intro
942 3191 1019 3234 nuuc
1041 3175 1108 3234 ium.

58 3279 161 3356 Quam
193 3277 328 3342 idoneus
360 3276 412 3343 hic
443 3275 556 3343 modus
587 3277 630 3342 sit
665 3278 706 3341 ad
737 3277 935 3344 inchoandas
970 3276 1098 3343 fabulas
1124 3295 1286 3359 quemque

58 3391 134 3466 apte
157 3391 362 3465 spectatores
387 3385 432 3449 sic
457 3383 562 3449 omma
586 3377 669 3467 quae
693 3404 775 3466 opus
799 3385 863 3452 sint
888 3385 1015 3451 discant
1037 3403 1130 3449 nemo
1151 3402 1213 3448 nou
1237 3383 1286 3448 in-

58 3491 195 3573 tellegit.
243 3491 359 3572 Itaque
383 3509 446 3555 non
471 3491 627 3556 miramur
651 3491 737 3573 quod
760 3493 792 3557 in
817 3491 959 3574 antiquis
982 3492 1046 3556 iam
1063 3489 1182 3557 fabulis
1205 3490 1286 3556 talia

167 3684 175 3714 ¹
195 3682 345 3737 Occasione
371 3681 435 3737 data
458 3683 558 3740 adnoto
578 3685 741 3739 Philemonis
760 3680 1001 3750 Τιτιδικαζόμενον
1018 3683 1113 3738 eadem
1131 3685 1160 3738 in
1178 3701 1208 3739 re
1227 3701 1286 3740 ver·

57 3778 145 3827 satam
163 3787 222 3826 esse
241 3770 327 3826 videri
345 3772 373 3825 in
392 3788 445 3840 qua
454 3772 616 3842 Apollodori
630 3772 751 3828 eiusdem
773 3772 889 3828 nominis
902 3770 1030 3839 fabulam,
1050 3788 1085 3827 ex
1098 3788 1152 3841 qua
1161 3772 1286 3828 Terentii

57 3861 187 3915 Phormio
210 3859 298 3914 fluxit.
339 3859 416 3928 Quod
444 3877 498 3915 non
523 3861 603 3916 modo
622 3862 702 3916 titulo
721 3861 864 3931 probatur,
889 3860 938 3915 sed
958 3862 1039 3916 etiam
1057 3860 1207 3931 fragmento
1227 3863 1285 3932 (23)

60 3949 133 4019 quod
152 3951 286 4006 Stobaeus
306 3951 439 4006 servavit:

268 4031 347 4107 ἥδιον
366 4035 446 4092 οὐδὲν
465 4034 529 4091 ον’δὲ
546 4035 745 4105 μουσικώτερον

268 4119 321 4176 ἔστ’
339 4115 357 4191 ἢ
376 4122 516 4175 δύνασθαι
534 4121 746 4190 λοιδορούμενον
764 4119 865 4190 φέρειν.

270 4203 284 4260 ὁ
303 4209 436 4274 λοιδορῶν
453 4205 514 4275 γάρ,
535 4199 570 4261 ἂν
588 4204 603 4260 ὁ
622 4205 828 4274 λοιδορούμενος

267 4290 305 4361 μὴ
324 4292 516 4360 προσποιῆται,
534 4293 696 4358 λοιδορεῖται
714 4291 855 4357 λοιδορῶν.

60 4377 168 4446 Optime
186 4379 258 4433 enim
276 4379 346 4434 haec
364 4377 501 4447 quadrent
518 4378 547 4432 in
565 4378 751 4433 condicionem
764 4376 936 4432 Phormionis
955 4377 1155 4446 aDemiphcne
1174 4383 1203 4432 et
1216 4377 1286 4433 Geta

60 4466 106 4538 (ll,
124 4466 152 4538 3)
173 4469 344 4524 contumeliis
363 4468 462 4523 affecti.
1213 4451 1219 4464 ’
