2910 4942
618 135 835 204 ..34-

112 334 238 401 dicione
266 334 504 416 colloquuntur,
541 353 604 417 quo
628 353 667 400 ex
697 332 845 401 diverbio
873 330 1095 414 deprompta
1120 349 1200 399 esee
1221 329 1333 399 ritum

112 438 297 522 fragmenta
320 437 402 503 341:

908 544 1155 632 ὧδυστυκήε,

325 650 352 714 τί
376 651 412 714 οὐ
435 650 620 733 καθεύδεις;
642 650 680 715 σύ
704 648 736 737 μ’
757 650 938 728 ἀποκναίεις
963 661 1173 738 περιπατῶν
1184 650 1207 734 ¹,

111 760 187 840 345,
218 758 303 841 quod
335 759 416 824 satis
449 765 541 826 certa
574 759 761 825 coniectura
792 757 977 825 Meinelrius
1012 758 1113 825 hunc
1148 757 1196 825 ad
1228 754 1337 825 niun

111 869 259 939 rettulit:
1172 950 1176 956 ,

644 952 803 1021 οὐπώποτ’
824 955 980 1043 ἠράσθης,
1003 952 1152 1043 Γέταρ2

258 1101 298 1114 -
323 1065 359 1129 οὐ
383 1066 445 1150 γὰρ
467 1061 701 1151 ἐνεπλήσθην,3

111 1175 193 1242 342:

322 1269 447 1334 εἴσελθε
471 1271 531 1334 κᾶν
554 1278 617 1352 νῦν,
642 1269 667 1333 ὦ
692 1269 827 1358 μακάριε
836 1267 861 1352 ⁴,

109 1466 188 1522 vult?
204 1467 308 1523 tamaii
324 1469 435 1536 λοεμιλιο
452 1467 541 1543 habeo,
559 1473 648 1523 tamen
664 1471 756 1522 uuor
773 1465 840 1537 λιόοι,
857 1481 906 1521 noa
917 1463 1017 1522 δαπῶν
1036 1467 1271 1524 dameam&
1299 1464 1342 1521 liet

109 1556 171 1611 loco
191 1556 293 1624 optime
312 1572 345 1612 ea
363 1556 496 1610 illustrari
514 1556 581 1609 mihi
598 1556 725 1611 videntur
743 1570 813 1623 quae
833 1569 867 1610 ex
886 1555 941 1609 alia
957 1553 1059 1625 fabula
1079 1556 1268 1613 Menandreae
1278 1556 1342 1611 Arte

109 1660 194 1700 naeus
212 1645 251 1700 VI
269 1646 346 1701 aare
364 1645 458 1701 affert:
478 1645 544 1700 dicit
563 1645 647 1699 enim:
667 1647 712 1701 καλ
732 1643 802 1716 (scil.
821 1643 996 1716 Μένανδρος)
1012 1641 1047 1698 ἐν
1064 1639 1187 1712 ‘dioride
1207 1644 1271 1716 (fig.
1286 1643 1342 1717 etti

610 1729 678 1786 ἀλλὰ
694 1729 895 1806 ια’ργνρῶματα

320 1808 378 1885 ἥκω
396 1817 487 1886 λαβεῖν
504 1815 678 1887 βουλόμενος.

108 1899 211 1956 Audire
237 1901 307 1956 enim
332 1903 398 1957 mihi
416 1902 512 1957 videor
537 1917 651 1970 puerum
676 1901 752 1955 illum
779 1902 826 1970 qui
850 1917 917 1957 vaae
938 1906 1074 1970 argentee
1102 1908 1257 1973 reposcat
1298 1901 1343 1957 liat

109 1997 200 2045 autem
226 1990 255 2044 in
279 1989 373 2046 fabula
396 1992 489 2047 militie
508 1991 623 2059 gloriosi
641 1996 734 2059 partes
753 1988 843 2056 fuisse,
857 1991 946 2059 iprum
965 2004 1067 2045 nomen
1093 1994 1246 2048 ῬΜΝΙΣ
1261 1991 1344 2047 domu

108 2079 224 2137 videtur.
261 2080 373 2150 Hymnis
394 2082 466 2136 enim
484 2080 557 2150 apud
570 2081 721 2134 Lucianum
740 2080 768 2133 in
786 2078 959 2135 meretricum
971 2078 1084 2148 dialogo
1106 2080 1153 2148 13,
1176 2082 1263 2137 ouius
1280 2094 1343 2151 argu-

108 2172 227 2223 mentum
243 2185 277 2224 ex
288 2169 432 2225 Menandri
445 2171 599 2225 Mieumeno
618 2168 813 2239 depromptum
830 2183 891 2224 asae
902 2167 1071 2225 Ribbeckiue
1092 2168 1213 2226 Alazon
1227 2188 1256 2241 p.
1269 2171 1304 2226 36
1313 2184 1343 2237 aq.

108 2259 211 2326 statuit,
239 2273 337 2313 nomen
361 2259 435 2314 illius
460 2259 568 2328 puellae
595 2264 637 2314 est
665 2259 742 2314 cuiue
768 2272 861 2312 amore
887 2257 987 2312 misero
1010 2255 1094 2313 mileo
1118 2256 1240 2331 flagrat.
1278 2257 1343 2328 uuor

109 2353 200 2402 eutem
217 2346 260 2401 bis
278 2346 347 2400 haec
365 2345 458 2400 fabula
476 2341 506 2397 ἐν
519 2346 557 2418 τῷ
576 2348 725 2401 ‘PMNIAI
741 2345 841 2400 citatur
853 2343 1020 2402 errorefieri
1032 2347 1141 2416 potuit.
1160 2379 1203 2390 -
1224 2346 1343 2421 Quodtd

108 2437 241 2491 rationem
260 2451 330 2505 quae
350 2436 420 2489 inter
433 2434 582 2488 Lucianum
601 2439 629 2487 et
648 2433 766 2489 comicos
785 2434 939 2490 intercedat
957 2435 1065 2503 attinet,
1084 2431 1199 2495 adnoto
1219 2440 1277 2495 hoe
1293 2440 1343 2509 iper

108 2525 216 2594 dialogo
236 2524 333 2594 σπάθη
351 2540 444 2579 vocem
463 2524 491 2594 (ᾗ
504 2523 577 2592 317),
596 2521 625 2577 id
638 2522 711 2591 quod
724 2524 864 2580 rarissime
882 2523 922 2592 fit,
935 2522 1055 2594 gladium
1067 2524 1256 2594 significare:
1276 2529 1343 2584 cuin

107 2630 172 2669 uene
191 2613 290 2669 Pollux
315 2629 397 2668 unum
423 2613 577 2683 exemplum
604 2629 638 2667 ex
655 2612 801 2668 Menandri
823 2614 986 2682 Mioumeno,
1012 2628 1100 2669 unum
1120 2631 1159 2671 ex
1177 2616 1344 2683 Philemona,

107 2720 190 2759 unum
209 2719 244 2758 ex
261 2702 396 2771 Euripide
415 2701 500 2757 affert.

215 2793 224 2824 ¹
244 2791 284 2848 (tf.
305 2793 352 2845 Ar.
371 2791 442 2847 Nub.
461 2791 496 2846 35
515 2807 570 2860 σοι
821 2850 833 2877 5

706 2858 791 2931 ἐτεόν,
810 2882 832 2916 α
850 2861 945 2930 πάτερ,

317 2944 345 2997 τί
361 2946 547 3008 δυσκολαίνεις
566 2946 612 3001 καλ
631 2945 734 3020 στρέφῃ
751 2948 803 3018 τὴν
819 2945 903 3017 νύχθ’
920 2940 1002 3016 ὅληνς

107 3038 135 3088 et
152 3032 216 3102 Lye.
236 3049 260 3089 v.
281 3031 333 3085 707
351 3047 405 3100 su:

316 3120 344 3171 τί
359 3137 406 3186 μοι
424 3120 593 3189 σκυθρωπὸς
610 3118 777 3191 ἐξελήλυθας
795 3119 904 3189 δόμων;

266 3233 301 3245 -
317 3203 408 3257 κακῶν
424 3205 561 3271 γυναικῶν
579 3203 644 3275 ἔργα
661 3204 707 3259 καλ
725 3204 827 3274 θήλεια
844 3204 919 3275 φρὴν

313 3293 388 3341 ποιεῖ
402 3284 430 3355 μ’
448 3283 562 3356 ῶθνμον
580 3294 738 3356 περιπατεῖν
755 3283 837 3344 τ’ἆνοι
854 3289 936 3344 κάτω.

213 3372 314 3428 ’Erus
341 3375 437 3430 humili
464 3377 536 3431 servi
562 3375 689 3432 fortunae
716 3377 838 3433 invidere
865 3376 982 3433 videtur.
1027 3375 1166 3434 conferas
1189 3381 1265 3438 Eur.
1291 3383 1347 3454 lph.

105 3462 167 3516 Aul.
186 3479 211 3516 v.
231 3463 266 3518 16
284 3479 343 3532 eq.:

524 3553 595 3622 ζηλῶ
613 3551 651 3622 σέο
668 3551 756 3624 λέρονι

318 3634 389 3703 ζηλῶ
407 3631 432 3688 δ’
450 3630 558 3704 ἀνδρῶν
576 3627 607 3698 dg
624 3633 771 3692 ολκίνδννον
885 3671 892 3689 .·

314 3719 377 3790 βίον
395 3715 533 3788 ἓξεπέραῶ
551 3717 639 3789 α’γνῶς
657 3718 762 3792 οἶκλεής·

315 3802 381 3865 τοὺς
399 3802 424 3857 δ’
440 3799 470 3858 ἐν
486 3811 577 3871 τιμαῖς
595 3796 681 3875 ἧσσον
698 3808 777 3875 ζηλῶ.
1179 3858 1182 3863 ,

211 3885 222 3917 ⁸
241 3884 383 3943 Sententia
400 3887 481 3944 fluxit
499 3905 533 3944 ex
545 3889 687 3959 Euripide.
726 3890 858 3949 Conferae
877 3893 928 3964 ing,
945 3895 999 3950 322
1017 3895 1127 3966 (Nauck
1135 3897 1159 3970 ¹)
1179 3916 1218 3957 ex
1231 3902 1342 3961 Danae:

316 3974 383 4046 ἔρως
399 3976 451 4046 γὰρ
471 3974 555 4046 α’ργὸν
572 3975 641 4031 κοῖπὶ
658 3978 793 4042 τοιούτοις
813 3978 874 4048 ἔφυ·

314 4065 388 4131 φιλεῖ
405 4060 547 4131 κάτοπτρα
563 4062 610 4116 καλ
627 4063 714 4134 κόμης
731 4065 916 4132 ξανθίσματα,

314 4144 409 4214 φεύγει
426 4142 456 4200 δὲ
473 4145 607 4216 μόχθους.
623 4145 656 4205 ἓν
673 4149 703 4205 δέ
719 4169 767 4218 μοι
784 4148 938 4219 τεκμήριον·

315 4227 405 4293 οὐδεὶς
422 4235 578 4301 προσαιτῶν
594 4236 689 4305 βίοτον
706 4233 818 4306 ἠράσθη
835 4237 942 4307 βροτῶν

314 4313 343 4371 ἐν
361 4323 420 4382 τοῖς
437 4315 462 4374 d'
480 4316 585 4390 ἔχουσιν
602 4317 705 4392 ἡβητὴς
722 4318 823 4391 πέφυχ’
841 4314 896 4376 ὅδε.

209 4403 221 4435 ⁴
238 4401 280 4461 (ll.
299 4403 367 4463 Eur,
385 4405 445 4476 Iph.
464 4408 524 4463 Aul
546 4406 594 4461 16:
616 4409 760 4480 στείχωμεν
778 4405 837 4465 ἔσω.
