2910 4942
565 195 829 314 --47-ω.Ι

57 443 158 520 atque
182 437 480 527 lusuihabueruut‚
505 443 591 524 quod
614 443 835 525 pulcherrime
850 446 957 513 eluoet
980 449 1184 520 aPlautinae
1200 457 1287 523 Mer·

15 588 21 600 ·
57 546 181 614 catoris
204 546 285 612 loco.
331 545 381 613 Ibi
405 550 489 614 enim
513 550 587 616 inde
611 572 640 618 a.
664 572 693 618 ν.
720 554 761 618 12
786 554 867 621 haee
889 556 1045 638 legimus:

271 674 331 716 noro
355 676 404 732 opo
427 661 493 718 dom
508 661 602 735 focio,
624 665 658 720 at
680 662 754 722 alios
778 664 810 722 iro
832 665 985 724 comoed-iis

271 765 302 824 ια’
323 765 385 823 ordi
407 769 516 827 aroorr'a
536 768 643 840 faeere,
668 770 720 842 qai
742 773 794 828 aot
816 770 903 829 Nootr‘
925 773 975 827 oat
998 771 1054 828 Dii

273 878 324 932 aat
349 874 413 934 Soa·
435 879 487 933 aat
510 875 616 935 Ιαιιιαο
637 878 772 935 miserias
794 881 920 935 narrant
942 895 1030 937 saas:

272 999 342 1054 qoos
366 981 464 1053 edepol
486 998 536 1054 ooo
558 981 642 1040 oroolo
663 981 807 1042 hantonae
829 985 1024 1056 querimonias

271 1106 331 1147 aon
354 1090 428 1147 tanti
443 1089 553 1164 facore,
578 1088 649 1162 oaiol
670 1088 758 1147 nolint
780 1089 933 1163 quianon
955 1093 1060 1152 uelint:

272 1195 351 1255 oohr's
373 1196 502 1254 narrabo
517 1196 618 1268 potios
640 1213 719 1255 moos
741 1213 818 1255 nano
839 1198 983 1257 miserias.

55 1298 150 1377 Quae
173 1317 368 1381 quamquam
387 1304 420 1364 et
436 1297 630 1364 Dniatzlroni
653 1299 855 1365 Reiuhardto
880 1300 1015 1368 Goetzio
1041 1303 1287 1387 interpolatoris

56 1425 133 1473 esse
156 1404 362 1486 ridebantur,
386 1410 421 1471 et
435 1403 614 1471 Ritsoholio
639 1422 779 1486 quoque,
804 1405 858 1487 qui
881 1410 986 1473 totum
1010 1407 1287 1482 iereMercatoris

55 1514 230 1596 prologum
249 1512 434 1596 posteriore
459 1511 586 1578 demum
605 1518 752 1592 tempore
773 1512 991 1596 couscriptum
1014 1535 1086 1583 esse
1111 1519 1286 1602 iudicabat,

56 1627 97 1684 ut
112 1618 242 1684 ridetur
259 1617 484 1700 displicebant,
501 1635 573 1682 mea
589 1616 718 1699 quidem
736 1619 899 1684 sententia
916 1621 1097 1691 certissime
1114 1643 1153 1689 ex
1170 1634 1287 1707 poetae

58 1725 179 1793 Graeci
207 1726 353 1808 exemplo
381 1761 422 1774 -
451 1723 513 1790 luit
540 1724 738 1791 Philemonis
764 1724 925 1810 Ἐμπορος
950 1765 989 1774 -
1014 1731 1177 1798 translata
1201 1742 1285 1801 suut.

55 1831 204 1897 Philemo
227 1831 330 1914 igitur
353 1829 433 1896 satis
456 1829 566 1911 lepide
589 1837 689 1913 atque
713 1832 793 1898 scite
820 1851 856 1898 se
880 1833 1143 1903 rationemillam
1162 1843 1288 1908 aMen·

56 1939 163 2004 andro
186 1939 324 2003 maxime
351 1946 553 2019 usurpatam,
585 1956 649 2020 qua
673 1945 876 2021 spectatores
899 1948 937 2007 ut
959 1943 1006 2007 ita
1029 1944 1133 2011 diuam
1156 1947 1287 2017 defrau-

57 2044 232 2122 dabantur,
267 2060 425 2133 spernere
449 2042 537 2110 dicit.
589 2044 672 2122 Quin
708 2054 805 2127 poeta
829 2047 974 2113 Graecus
1006 2049 1158 2132 loquatur
1181 2074 1285 2137 nemo,

56 2156 150 2233 puto,
182 2146 355 2230 dubitabit,
388 2151 415 2215 si
448 2150 537 2231 leget
569 2170 608 2216 ea
641 2170 725 2233 quae
751 2171 798 2236 *ex
822 2153 1002 2235 Theogneti
1035 2155 1146 2224 fabula
1168 2160 1287 2248 Φάσμα

56 2254 304 2342 ἢΦιλάργυρος
337 2270 421 2334 quae
458 2256 618 2339 iuscripta
657 2264 730 2323 erat
763 2259 951 2338 Athenaeus
983 2262 1032 2327 Ill
1067 2264 1158 2331 1040
1191 2268 1288 2336 affert

56 2362 164 2446 (Kook
186 2361 236 2426 Ill
258 2379 289 2442 p.
315 2357 390 2438 364,
415 2360 476 2441 frg.
506 2363 534 2442 1,
558 2382 587 2426 ν.
614 2369 632 2425 7
657 2361 738 2448 sq.):

273 2466 447 2552 ἐπαρίστερ’
469 2468 598 2552 ἔμαθες,
623 2469 648 2532 ὦ
672 2469 797 2555 πόνηρε,
821 2469 1002 2557 γράμματα·

275 2573 480 2661 ἀντέστροφέν
503 2598 559 2640 σου
583 2578 635 2656 τόν
659 2576 725 2663 βίον
748 2581 787 2641 τὰ
812 2577 928 2665 βιβλία·

275 2684 530 2770 πεφιλοσόφηκας
553 2695 596 2771 γῇ
618 2705 652 2748 τε
675 2686 819 2771 κούρανῷ
843 2685 959 2767 λαλῶν,

274 2792 320 2867 οἷς
342 2791 438 2856 oridia
461 2792 543 2856 ἐστιν
567 2791 710 2876 ἐπιμελὲς
733 2800 793 2856 τῶν
817 2792 931 2879 λόγων,

59 2915 144 2980 quaa
170 2879 275 2962 ¹rerba
302 2896 384 2962 mire
412 2916 484 2963 cum
509 2895 703 2962 Mercatoria
726 2895 792 2962 illis
817 2904 1010 2978 congruunt.
1059 2903 1284 2986 Theogvuetum

58 3008 169 3070 autem
201 3000 338 3066 Plautus
366 3007 496 3066 secutus
526 3007 678 3066 nonest.
725 3002 864 3069 Videtur
894 3004 996 3086 igitur
1030 3015 1064 3074 et
1086 3011 1223 3080 Plautus
1253 3021 1286 3082 et

59 3109 269 3190 Theognetus
307 3105 504 3173 Philemonis
539 3107 645 3172 looum
680 3113 756 3173 ante
796 3110 906 3176 oculos
947 3111 1109 3182 habuisse.
1162 3118 1286 3186 Similia

58 3214 217 3298 parodiae
240 3232 347 3284 eausa
381 3213 466 3280 idem
494 3213 639 3279 Philemo
668 3214 750 3280 alias
779 3233 907 3297 quoque
942 3218 1085 3300 profert:
1125 3224 1216 3307 legas
1246 3246 1287 3294 ea

59 3343 79 3390 a
115 3321 233 3405 quibus
267 3340 389 3404 coquus
424 3319 495 3387 eius
530 3321 564 3386 iu
593 3319 699 3386 Milite
726 3320 800 3403 (frg.
828 3321 883 3413 79)
912 3324 1093 3392 orationem
1117 3330 1286 3400 exorditur

59 3425 192 3519 (Athen.
219 3428 279 3497 Vll
302 3428 425 3514 288d):
1232 3418 1233 3421 ¹

273 3536 314 3614 ὡς
336 3536 441 3622 ἵμερός
465 3532 495 3620 μ’
518 3534 644 3620 ὑπῆλθε
666 3544 709 3620 γῇ
731 3556 765 3629 τε
788 3536 931 3622 κούρανῷ

272 3639 359 3718 λέξαι
384 3639 508 3724 μολόντι
532 3639 646 3723 τοῦψον
670 3639 711 3716 ὡς
734 3641 901 3724 ἐσκεύασα,

57 3807 172 3880 prodire
199 3806 352 3861 rideantur.
406 3806 510 3875 Quibus
541 3807 665 3864 omuibus
697 3810 725 3863 in
756 3810 838 3866 rebus
873 3812 996 3881 inprimis
1026 3815 1175 3887 Euripides
1202 3823 1294 3879 multa·

57 3897 178 3955 novarit.
214 3896 342 3966 Exempli
361 3898 450 3965 gratia
468 3897 555 3952 affero
575 3897 677 3953 Alcest.
700 3916 724 3955 v.
744 3899 797 3953 205
815 3913 869 3966 aa:
927 3939 929 3944 a

358 3977 431 4052 ὅμως
449 3980 478 4038 δὲ
494 3985 592 4052 καίπερ
611 3983 725 4053 σμικρόν
745 3980 889 4052 sparton&
907 3983 945 4039 ἔτι

358 4066 457 4139 βλέψαι
476 4068 546 4138 πρὸς
563 4067 651 4137 αὐγὰς
668 4069 796 4140 βούλεται
813 4069 863 4132 τὰς
880 4065 969 4139 ἡλίου.

57 4155 127 4210 Inde
145 4171 162 4209 a
180 4172 203 4211 ν.
223 4155 276 4208 244
295 4154 414 4209 Alcestis
433 4154 565 4223 procedit.
586 4155 624 4210 Et
642 4155 784 4225 Hippolyti
802 4156 892 4211 locum
911 4157 975 4213 inde
993 4175 1011 4213 a
1028 4177 1052 4214 v.
1072 4160 1138 4219 178:

357 4239 420 4296 τόδε
438 4258 482 4295 σοι
499 4240 608 4312 φέγγος,
629 4241 752 4311 λαμπρός
769 4235 812 4297 ὅδ’
829 4242 927 4315 αἰθήρ·

359 4325 408 4394 ἔξω
427 4325 456 4382 δὲ
474 4328 568 4396 δόμων
585 4324 638 4400 ἤδη
656 4331 770 4398 νοσεροῖς

236 4475 240 4484 ι
360 4407 457 4477 δέμνια
473 4410 576 4473 κοίτας.

359 4495 439 4562 δεῦρο
457 4494 509 4563 γὰρ
526 4491 620 4549 trusa
637 4496 693 4549 πᾶν
711 4492 776 4557 ἔπος
793 4483 828 4564 ἦν
845 4512 897 4549 σοι.
1278 4546 1296 4579 1,,

38 4601 42 4609 ·
57 4579 190 4636 Hecubae
209 4595 316 4648 quoque
335 4596 429 4636 versus
447 4581 527 4636 modo
546 4582 624 4636 allati
641 4583 695 4637 huo
713 4587 850 4652 spectant
1273 4550 1380 4656 1
