2910 4942
568 246 784 314 ..w-

58 443 225 513 translata
248 443 323 526 sint,
347 446 409 512 hac
424 464 464 512 ex
487 444 598 512 fabula
621 445 661 510 de
677 445 897 512 Menandreae
919 443 1051 512 exordio
1069 443 1288 512 coniecturam

60 554 170 620 iacere
198 553 283 620 licet.
309 591 352 600 -
376 547 468 619 Duae
499 551 630 618 fabulae
654 552 880 632 Terentianae,
913 553 1042 635 Hecyra
1069 557 1103 617 et
1125 553 1288 633 Phormio,

61 677 236 742 expressae
261 664 337 724 sunt
359 678 399 723 ex
421 659 578 740 exemplis
603 660 791 742 Apollodori
813 658 963 743 Carystii.
1011 658 1103 736 Quod
1127 658 1169 725 ad
1193 678 1289 740 expo-

60 768 209 832 sitionem
234 766 352 831 attinet
367 784 485 848 magna
502 766 541 832 iis
558 773 608 837 est
624 768 810 835 similitudo.
851 766 1029 834 Exorditur
1045 766 1129 832 enim
1145 763 1289 832 fabulam

61 892 203 956 persona
220 870 298 957 (una
314 873 366 937 vel
384 873 479 955 duae)
497 873 635 941 cuicum
653 881 846 956 argumento
862 892 998 955 prorsus
1015 872 1095 938 nihil
1113 880 1172 939 est.
1207 873 1290 939 Sunt

61 980 216 1064 πρόσωπα
240 979 423 1064 apotomae,
452 981 538 1064 quod
562 1001 778 1064 personarum
802 1000 904 1064 genus
929 1000 999 1046 eam
1024 982 1125 1046 solam
1150 978 1190 1045 ob
1215 999 1290 1046 cau·

62 1106 132 1154 sam
163 1087 339 1168 inducitur,
374 1093 410 1153 ut
443 1089 486 1154 sit
519 1087 719 1171 aliquiscui
752 1092 979 1170 argumentum
1012 1086 1142 1152 narrari
1175 1089 1288 1169 possit.

62 1195 170 1275 Atque
193 1193 272 1259 illud
290 1213 418 1276 quoque
442 1194 493 1260 his
516 1194 635 1263 fabulis
660 1216 826 1263 commuue
849 1194 1005 1276 estquod
1028 1193 1120 1259 initio
1145 1195 1234 1260 solae
1257 1195 1289 1263 iu
1386 1260 1389 1268 ,

62 1320 211 1368 scaenam
236 1320 397 1383 personae
420 1302 495 1368 illae
522 1303 704 1385 protaticae
728 1303 900 1385 prodeunt.
947 1302 979 1368 Is
1004 1309 1112 1366 autem
1142 1300 1290 1383 quirem

63 1409 171 1475 altera
202 1408 236 1472 in
259 1414 378 1474 scaena
407 1409 539 1491 exponit
569 1408 745 1489 utrubique
772 1427 888 1475 servus
911 1415 972 1476 est.
1019 1408 1157 1473 Maxime
1182 1415 1290 1475 autem

63 1503 97 1580 id
121 1517 277 1581 miramur
301 1515 387 1598 quod
411 1518 509 1583 etiam
540 1517 573 1581 in
598 1517 776 1583 minoribus
807 1515 906 1582 rebus
930 1517 1036 1582 altera
1059 1513 1171 1582 fabula
1193 1516 1289 1582 alteri

63 1619 145 1685 satis
169 1621 283 1688 similis
308 1629 368 1689 est.
415 1625 465 1690 Ad
489 1644 528 1691 ea
551 1625 636 1691 enim
661 1645 744 1709 quae
760 1624 970 1691 Parmenonis
994 1623 1176 1688 narrationi
1200 1629 1291 1688 ante-

63 1727 183 1802 cedunt
216 1749 318 1813 prope
353 1732 409 1798 illa
444 1734 602 1799 accedunt
637 1752 720 1815 quae
755 1732 840 1799 Geta
880 1729 1072 1812 praemittit.
1133 1728 1290 1796 conferas

64 1832 216 1917 Hecyrae
236 1856 351 1904 versus
374 1839 492 1906 indea
517 1840 598 1906 103:
760 1851 762 1854 ’
786 1846 789 1851 ’

196 1947 248 2007 sed
262 1949 320 2020 pol·
341 1951 415 2010 istae
437 1951 552 2010 credam
574 1952 616 2010 e'te
639 1932 708 2023 esse,
734 1953 781 2010 elie
801 1951 882 2020 mihi,
906 1952 1058 2011 Poroaeoo.

132 2086 175 2096 —
198 2073 258 2114 aaa
281 2060 322 2115 est
345 2075 415 2130 opus
432 2060 569 2131 moleto:
590 2060 643 2119 leoo
658 2060 860 2132 percontarier

143 2232 146 2239 ¹
198 2164 309 2223 msice.
335 2197 378 2207 -
401 2182 500 2239 nempe
522 2184 556 2226 eu
578 2184 676 2238 eausa
698 2169 731 2225 ut
752 2182 788 2224 ue
810 2165 916 2243 idfiet
932 2165 1056 2238 palem!

198 2269 240 2326 tte
262 2287 306 2327 me
329 2270 360 2328 de'
383 2272 530 2342 amabunt,
554 2271 635 2331 haud
652 2276 806 2346 propterea
828 2277 854 2332 te
876 2290 954 2348 repe,

197 2381 230 2436 ut
251 2377 304 2436 leoc
318 2380 480 2455 proferam,
504 2381 556 2440 sed
576 2384 609 2439 ut
632 2382 850 2468 teeltameeuuc
870 2378 1022 2454 peredeum.

132 2515 175 2526 -
198 2501 356 2558 numquam
379 2491 438 2546 tem
461 2488 538 2547 dices
561 2489 711 2558 coramode,
734 2492 767 2555 ut
789 2491 899 2562 terpora
921 2502 1015 2544 meum

199 2595 278 2652 tuom
301 2596 333 2653 e're
354 2595 441 2665 ridere
463 2599 642 2657 ammittere.
671 2630 710 2640 -
735 2596 774 2655 ale
796 2595 867 2664 eole',
893 2594 1057 2652 Parmeno:

199 2704 285 2772 peasa·
307 2707 339 2762 te
361 2721 420 2763 eea
442 2704 640 2763 macomeria
662 2720 786 2762 uerrere
808 2702 860 2760 loo
882 2693 955 2759 milui

199 2823 286 2878 quom
307 2825 358 2882 epo
380 2826 454 2882 quac
470 2814 626 2887 pereerdor
647 2813 729 2871 scire.
755 2843 797 2853 -
820 2826 890 2868 uera
911 2809 980 2867 leaeo
996 2806 1159 2879 pudeat,

76 2955 93 2975 -.
199 2917 226 2972 et
248 2915 324 2974 illud
345 2917 417 2976 mihi
438 2919 568 2977 odtwmst
589 2934 767 2976 meatum,
792 2917 820 2975 sa'
841 2916 914 2974 milui
929 2914 1021 2987 fidem

200 3021 253 3082 des
276 3027 302 3082 le
324 3027 485 3098 molturam,
509 3029 611 3088 dmum.
637 3063 677 3072 -
702 3028 742 3086 eol
764 3027 911 3101 lapeleiam
934 3025 1021 3087 redes.

192 3128 285 3201 fidem
308 3131 360 3188 olo:
383 3131 503 3204 loquere.
529 3166 572 3177 -
595 3133 737 3193 euscalm
794 3174 795 3180 κ

67 3243 138 3294 cnm
162 3229 365 3297 Phormionis
388 3232 538 3301 versibus
551 3235 637 3302 ,inde
661 3255 681 3302 a
704 3234 763 3301 57:

176 3342 251 3401 ’sed
273 3343 344 3415 quid
366 3347 397 3402 tu
420 3361 450 3405 es
473 3347 587 3405 trustis?
609 3381 652 3390 —
675 3354 782 3422 operae!
803 3348 896 3406 maele
919 3363 976 3418 quo
997 3346 1030 3403 le
1052 3347 1137 3413 metu,

200 3455 308 3522 quaero
330 3453 362 3510 e're
379 3454 491 3525 perr‘elo
512 3454 623 3513 simus!
649 3488 687 3500 —
712 3455 784 3526 quid
805 3455 880 3514 istuc
902 3456 963 3511 est!
986 3485 1029 3496 -
1052 3453 1133 3520 scies,

159 3571 166 3589 ¹
200 3558 285 3616 modo
306 3562 339 3617 ut
361 3563 453 3618 tacere
469 3562 578 3632 posses.
603 3593 647 3605 —
671 3561 721 3619 obt
742 3561 793 3629 sis,
817 3559 962 3617 insoleus:

113 3712 114 3716 ,
143 3664 147 3670 '
201 3667 305 3738 quoles
329 3670 360 3725 tu
375 3667 468 3740 fidem
489 3668 523 3726 io
539 3669 667 3740 pecuale
684 3667 878 3740 perspexeris,
917 3698 923 3711 ·

200 3789 296 3831 umere
317 3775 404 3833 eaba
427 3776 454 3834 ee'
476 3776 607 3834 eredere!
628 3775 680 3834 ubi
702 3775 774 3848 quid
795 3774 868 3832 milei
892 3775 993 3833 ludim

202 3878 439 3958 refelleret-4
463 3898 531 3956 erpo
552 3874 692 3941 moade.

69 3982 209 4048 Videtur
241 3983 344 4065 igitur
367 3985 585 4068 Apollodorus
619 3984 699 4050 satis
732 3983 846 4065 putide
878 4001 914 4048 se
946 3980 1017 4063 ipse
1048 3980 1099 4047 his
1133 3980 1166 4043 in
1197 3976 1296 4044 rebus

12 4128 15 4133 -
70 4091 271 4172 compilasse.
307 4128 349 4139 -
383 4091 447 4158 Sed
477 4092 605 4158 omnino
629 4090 689 4156 hoc
713 4090 922 4172 expositionis
947 4107 1059 4171 genus,
1093 4105 1165 4169 quo,
1203 4085 1297 4167 quasi

69 4215 201 4264 arcana·
220 4204 319 4280 atque
352 4199 478 4265 silenda
511 4219 584 4278 res,
620 4198 750 4266 fabulae
785 4201 1013 4279 argumentum
1047 4214 1087 4261 ex
1120 4212 1222 4259 verna
1253 4192 1302 4257 ab.

69 4305 204 4371 homine·
231 4304 338 4386 aliquo
371 4309 506 4370 externo
539 4302 699 4380 eliciatur,
735 4302 801 4367 late
833 4299 920 4382 apud
949 4299 1036 4365 illius
1070 4297 1188 4365 aetatis
1219 4317 1297 4379 poe-

69 4417 121 4477 tas
144 4413 261 4494 patuit.
308 4410 391 4477 Nam
421 4429 484 4476 non
515 4411 626 4477 dubito
659 4409 737 4491 quin
765 4428 804 4474 ea
835 4425 964 4490 quoque
996 4425 1078 4488 quae
1103 4423 1297 4488 quamquam

70 4524 226 4601 corrupta
258 4518 290 4582 in
324 4517 471 4585 Grameri
501 4517 676 4584 Anecdotis
711 4516 870 4582 Parisinis
904 4515 970 4580 IIll
1008 4513 1074 4579 418
1113 4508 1297 4597 (Menandri

1191 4629 1218 4676 a
