2910 4942
621 213 837 280 ..53-

328 413 382 474 καί
405 414 460 475 σὺν
485 420 594 487 κακῶς
617 411 789 494 πράσσουσι
812 409 990 497 συμπάσχω
1014 419 1122 487 κακῶς

326 519 428 599 ὀκνῶν
452 518 630 601 προδοῦναι,
655 519 698 604 μή
722 539 766 593 τις
790 515 843 581 ὧδ’
866 519 937 603 εἴπῃ
963 515 1089 603 βροτῶν·

327 625 436 708 ἴδεσθ’,
459 618 574 712 ἐπειδή7
591 629 695 691 παισὶν
713 628 777 691 ὀὐκ
800 629 881 706 ἔστιν
905 627 1018 712 πατήρ,

306 731 446 816 ,Ἰόλαος
469 735 529 798 οὐκ
552 736 651 818 ἤμυνε
675 737 828 820 συγγενής
852 733 961 820 γεγώς.
1174 800 1176 802 ,

110 839 198 916 Quin
223 847 331 907 autern
348 839 515 923 Euripidis
539 841 599 907 hoc
622 841 723 908 fuerit
746 840 924 919 consilium,
950 847 986 905 ut
1007 859 1121 905 nornen
1138 848 1341 922 spectatores

111 947 278 1036 audirent,
303 967 396 1013 nemu
419 957 499 1029 puto
520 946 692 1028 dubitabit,
717 948 745 1014 si
769 949 841 1014 aliis
866 967 994 1031 quoque
1016 949 1096 1014 locis
1120 950 1180 1015 hoc
1204 948 1341 1015 artificio

110 1072 188 1119 eum
212 1072 305 1119 usum
322 1074 394 1120 esse
411 1056 543 1121 videbit.
580 1055 688 1130 Affero
705 1055 764 1122 hos
780 1056 885 1122 iocos:
909 1056 942 1119 in
959 1055 1075 1121 Medea
1091 1056 1166 1121 inde
1184 1075 1202 1120 a
1219 1076 1246 1120 ν.
1265 1056 1341 1138 446,

111 1160 168 1225 cui
192 1160 281 1226 chori
305 1162 465 1228 canticum
490 1163 662 1244 antecedit,
693 1162 789 1228 Iason
817 1163 956 1244 primum
980 1163 1013 1227 in
1037 1181 1187 1229 scaenam
1212 1164 1362 1245 prodita

107 1268 243 1335 ‚orditur
267 1276 375 1334 autern
397 1269 580 1335 orationem
604 1269 688 1334 huuc
712 1269 745 1333 in
769 1256 914 1335 mudum:
972 1310 974 1314 ι

107 1357 110 1364 ’
329 1377 364 1438 οὐ
389 1385 442 1440 νῦν
466 1376 610 1440 κατεῖδον
635 1384 757 1460 πρῶτον
781 1375 864 1439 ἀλλὰ
888 1375 1042 1452 πολλάκις

328 1490 477 1568 τραχεῖαν
502 1483 598 1569 ὀργήν
623 1481 664 1559 ὡς
688 1483 852 1569 ἀμήχανον
875 1482 987 1546 κακόν.

330 1591 377 1652 σοὶ
401 1590 462 1674 γὰρ
486 1592 585 1674 παρόν
608 1600 667 1676 γῆν
691 1589 783 1676 τήνδε
807 1592 860 1653 καὶ
884 1590 996 1673 δόμους
1019 1590 1102 1675 ἔχειν

329 1679 453 1779 κοόφως
477 1698 612 1781 φερούσῃ
637 1697 823 1780 κρεισσόνων
847 1696 1053 1782 βουλεύματα,

232 1804 234 1809 ’
330 1801 433 1888 λόγων
458 1804 596 1886 ματαίων
621 1803 723 1886 οὕνεκ’
745 1805 871 1867 ἐκπεσεῖ
894 1803 1020 1890 χθονός.
1062 1848 1066 1853 ·

330 1908 425 1994 κάμόί
445 1911 505 1994 ,μὲν
529 1911 618 1975 οὐδὲν
642 1921 782 1997 πρᾶγμα·
808 1914 850 1996 μή
874 1910 980 1994 παύσῃ
1004 1911 1081 1972 ποτὲ
1160 1913 1182 1988 J

330 2015 454 2103 λέγουσ’
474 2014 585 2082 Ἰάσων
610 2017 651 2094 ὡς
674 2007 822 2094 κάκιστός
845 2015 907 2080 ἐστ’
929 2017 1018 2103 άνήρ.

113 2124 224 2189 Minus
248 2132 324 2207 apte
342 2126 518 2203 Menelaus,
543 2125 655 2206 quiin
680 2124 797 2191 Oreste
821 2124 895 2189 inde
919 2142 939 2188 a
962 2144 989 2187 ν.
1016 2121 1080 2188 356
1103 2123 1244 2204 primum
1267 2141 1342 2203 pro·

113 2231 277 2313 greditur,
301 2234 372 2315 ipse
396 2233 511 2298 nornen
536 2251 629 2298 suum
653 2233 798 2323 nuntiat3
824 2231 901 2298 dicit
925 2231 1009 2296 enim
1034 2229 1112 2312 (362
1137 2236 1213 2312 sq.):

471 2333 472 2336 '
689 2331 741 2402 Ϊέκ
764 2338 798 2401 δὲ
821 2339 969 2422 κυμάτων
1173 2345 1174 2349 ’

330 2445 347 2508 ό
371 2443 538 2508 ναυτίλοισι
562 2445 667 2530 μάντις
691 2444 851 2531 ἐξήγγειλέ
875 2467 926 2530 μοι

330 2550 457 2637 Νηρέως
481 2553 641 2638 προφήτης
663 2550 806 2627 Γλαῦκος
830 2552 968 2637 ἀψευδής
991 2550 1076 2631 θεός,

330 2661 363 2734 ός
387 2680 439 2742 μοι
462 2656 525 2722 τόδ’
547 2661 634 2722 εἶπεν
657 2659 802 2743 ἐμφανῶς
826 2659 1046 2734 κατασταθείς·

330 2765 481 2849 Μενέλαε,
506 2775 606 2830 κεῖται
630 2769 682 2843 σδς
706 2766 890 2852 κασίγνητος
917 2764 1024 2830 θανών
1048 2764 1117 2827 κτλ.

109 2874 198 2970 Nam
228 2893 285 2939 cur
310 2880 376 2940 tarn
400 2881 552 2941 accurate
582 2877 655 2956 ipsa
679 2873 793 2940 Glauci
817 2870 918 2938 verba
941 2871 1130 2950 afferantur,
1166 2869 1229 2936 nisi
1253 2890 1342 2952 spec·

115 2988 260 3046 tatarum
295 3000 404 3058 causa,
441 2981 570 3058 difficile
605 2988 657 3048 est
687 2981 864 3047 intellectu.
918 2982 1028 3063 Ipsum
1058 2981 1121 3045 iarn
1148 2978 1343 3063 Aeschylum

105 3075 293 3184 ¹artificiosa
315 3089 376 3154 hac
399 3090 526 3154 ratione
550 3090 704 3171 populum
729 3087 876 3154 decuisse
901 3091 956 3171 qui
980 3094 1090 3153 essent
1104 3088 1152 3152 illi
1169 3087 1223 3170 qui
1248 3086 1343 3167 pred·

114 3201 213 3278 irent,
246 3197 397 3263 discimus
421 3216 460 3262 er
485 3199 526 3262 iis
550 3215 633 3282 quae
657 3195 805 3261 Oceanus
826 3198 858 3262 in
877 3195 1070 3261 Prometheo
1093 3195 1208 3260 iudea
1231 3213 1259 3257 ν.
1278 3192 1343 3257 288

115 3308 256 3389 primum
287 3306 319 3369 in
353 3292 502 3370 scaenam
526 3323 721 3386 progressus
752 3304 837 3369 dicit.
886 3303 1044 3369 Conferas
1068 3320 1198 3367 versum
1222 3300 1286 3365 298
1310 3307 1344 3364 et
1441 3355 1444 3364 .

116 3419 311 3507 sequentes:

715 3517 787 3602 φέρε
811 3520 872 3603 riu

331 3622 455 3710 σήμαιν’
476 3627 492 3687 ό
516 3645 544 3687 τι
567 3625 629 3710 χρή
654 3645 701 3686 σοι
724 3624 942 3708 συμπράττειν·

331 3733 366 3796 οὐ
391 3733 452 3818 γάρ
476 3737 544 3794 ποτ’
569 3731 648 3815 ἐρεῖς
672 3731 713 3807 ὡς
735 3729 888 3795 Ὠκεανοῦ

330 3840 418 3924 φίλος
441 3839 504 3902 ἐστὶ
529 3838 723 3924 βεβαιότερός
746 3859 804 3901 σοι.

118 3947 270 4013 Eiusdem
296 3948 346 4012 vel
370 3946 484 4012 similis
509 3944 645 4010 rationis
663 3946 810 4026 exempla
826 3951 1000 4011 occurrunt
1017 3946 1049 4010 in
1068 3964 1150 4010 uuva
1167 3943 1341 4011 comoedia.

119 4056 263 4123 Terentii
287 4056 319 4120 in
339 4054 503 4136 Adelphis,
529 4071 612 4135 quae
636 4052 747 4118 fabula
770 4050 965 4134 principium
989 4050 1077 4132 capit
1100 4068 1139 4114 ex
1161 4050 1342 4130 soliloquio,

118 4165 264 4230 Micionis
297 4182 411 4228 numen
436 4181 498 4228 nun
528 4161 651 4243 tegitur
674 4166 750 4224 aute
775 4179 802 4223 ν.
828 4158 879 4223 60.
928 4156 977 4223 1δί
1002 4164 1110 4223 autem
1133 4156 1230 4221 Micio
1254 4160 1343 4238 post·

118 4288 214 4352 quam
246 4287 282 4333 se
313 4286 384 4332 cum
418 4264 524 4332 fratre
554 4285 613 4332 suo
644 4267 755 4332 multis
790 4266 823 4330 iu
859 4264 958 4332 rebus
991 4263 1165 4330 dissentire
1197 4262 1345 4342 exposuit

117 4375 177 4442 sic'
188 4374 314 4456 pergit:

171 4500 184 4507 ··
215 4543 216 4548 ,
324 4483 399 4548 4λισοο
418 4483 511 4555 fratri
535 4497 643 4546 uacum
665 4498 724 4539 acu
738 4481 917 4546 ¹corcram'aat
939 4496 1028 4554 aeque
1044 4479 1170 4552 atacem.
1254 4560 1256 4564 ι
