2910 4942
517 179 738 245 ..59-

93 377 218 444 'condant
260 376 440 461 periculum
478 382 529 442 est
565 393 661 458 quam
696 372 939 440 accuratissime
973 377 1178 455 exponuntur
1211 379 1246 439 et

95 483 146 551 ius
172 488 378 566 repetuntur.
426 482 584 549 Conferas
607 482 686 547 Eur.
711 481 784 547 Hel.
810 480 885 545 inde
909 499 929 546 a
952 499 980 544 v.
1005 479 1065 545 33:

228 608 333 673 δίδωσι
357 605 384 670 δ’
406 608 466 670 οὐκ
488 603 545 691 ἔμ’,
569 603 641 670 ἀλλ’
663 602 830 689 δμοιώσασ’
855 604 923 688 ἐμοὶ

153 741 156 748 ·
227 714 355 779 εἴδωλον
379 715 515 798 ἔμπνουν
539 714 671 799 οὐρανοῦ
695 709 831 792 ξυνόεῖά
855 714 927 793 ἄπο,

225 821 368 908 Πριάμου
392 821 542 906 τυράννου
566 821 662 884 παιδί·
688 822 742 884 καὶ
766 820 855 883 δοκεῖ
876 815 907 903 μ’
929 819 1012 905 ἔχειν

227 933 322 1015 κενὴν
346 928 483 1014 δόκησιν,
509 929 568 993 οὐκ
591 930 683 1014 ἔχων.

141 1038 202 1102 42:
226 1035 361 1122 Φρυγῶν
386 1034 412 1100 δ’
434 1037 465 1112 ἐς
488 1035 591 1121 ἀλκὴν
615 1034 792 1120 προυτέθην
815 1034 877 1120 ἐγὼ
902 1035 958 1118 μὲν
982 1034 1028 1114 οὔ,

227 1145 263 1207 τό
286 1141 313 1207 δ’
335 1145 432 1227 ὄνομα
455 1143 579 1226 τούμόν.

93 1263 519 1349 tmmammi

228 1379 254 1434 et
275 1392 341 1433 mox
363 1392 399 1434 ac
421 1378 529 1445 erretts,
551 1377 621 1436 hoec
643 1377 769 1435 duarum
790 1374 873 1433 hodie
897 1372 965 1451 [io]
988 1373 1076 1430 oc'cem

226 1488 252 1542 ct
274 1484 320 1542 hic
343 1487 369 1542 ct
391 1484 452 1542 illic
474 1485 578 1543 mulier
593 1486 672 1561 feret
695 1484 850 1557 tmopiocm
1003 1484 1006 1488 ’

225 1595 309 1664 otpctc
332 1591 430 1650 eodem
452 1593 516 1661 crc't,
540 1609 639 1650 aarum
663 1591 724 1649 olto
746 1606 806 1649 esse
829 1586 1059 1647 adsimulabitar.

93 1712 164 1777 ,47
190 1731 256 1794 sq.:

225 1840 261 1882 oe
283 1842 350 1883 moa
372 1825 480 1893 erretis,
504 1825 563 1882 iam
585 1839 663 1882 acac
680 1820 820 1894 praedico
836 1821 941 1892 prius:

225 1930 327 1990 ι’άονοοί
349 1932 485 1991 ambobus
508 1947 612 1988 οοοοεο
632 1930 755 2004 pemiocs
771 1928 929 2005 fratribus,

93 2049 342 2118 tffstffiss

129 2139 136 2145 ⁸
218 2070 315 2234 pomer(l
326 2162 438 2220 horunc
460 2162 536 2219 idam
557 2161 625 2220 huic
640 2164 765 2233 patruos
787 2159 1035 2221 odccsoectolost

225 2271 321 2327 comae
342 2269 394 2327 hoc
417 2270 538 2328 teneas!

95 2440 102 2454 .
127 2409 156 2453 v.
181 2387 224 2453 35
241 2407 301 2471 sq„
325 2389 440 2472 Amph.
463 2389 528 2454 110
543 2409 604 2474 sp,
628 2389 723 2455 Truc.
749 2388 792 2455 85
809 2408 857 2471 sq.
874 2425 927 2479 ¹-
951 2387 1121 2453 Postremo
1137 2386 1238 2453 affero

95 2514 157 2562 uae
181 2495 318 2577 legimus
341 2497 375 2561 in
398 2496 598 2578 Sophocleae
623 2498 731 2563 Aiacis
754 2498 900 2580 prologo,
928 2495 983 2563 ubi
1007 2502 1105 2579 poeta
1129 2512 1239 2576 quam-

93 2623 106 2667 ]
140 2607 228 2668 tecte
261 2601 294 2668 id
326 2603 405 2685 agit,
439 2611 475 2670 ut
508 2610 711 2686 spectatores
745 2606 849 2670 sciant
873 2603 1003 2669 Aiacem
1026 2601 1152 2668 Ulixem
1177 2603 1240 2667 etsi

93 2730 183 2776 ·.non
207 2711 405 2793 conspicere.
453 2711 560 2793 Leges
584 2730 699 2777 versus
723 2711 799 2777 inde
822 2730 842 2776 a
866 2711 925 2776 66:

225 2817 313 2897 δείξω
337 2819 449 2883 δὲκαὶ
473 2821 519 2882 σοί
543 2818 635 2904 τήνδε
659 2829 812 2904 περιφανῆ
837 2817 936 2899 νόσον,

223 3031 352 3117 θαρσῶν
376 3032 410 3096 δὲ
436 3033 525 3117 μίμνε
550 3031 627 3118 μηδὲ
651 3033 812 3117 συμφοράν
836 3029 930 3118 δέχου

223 3140 274 3203 τόν
299 3136 394 3224 ἄνδρ’·
419 3140 482 3226 ἐγὼ
505 3141 566 3224 γὰρ
590 3140 737 3224 ὀμμάτων
761 3138 976 3224 άποστρόφους

223 3246 322 3331 αὐγάς
346 3246 481 3332 άπείρξω
505 3250 563 3332 σὴν
588 3247 739 3331 πρόσοψιν
763 3245 895 3311 εἰσιδεῖν.

93 3351 105 3415 3
130 3371 194 3434 sq.:
220 3350 291 3417 ἀλλ’
313 3353 385 3417 οὐδὲ
408 3363 461 3419 νῦν
484 3375 520 3417 σε
545 3357 588 3439 μὴ
612 3351 739 3437 παρόντ’
760 3353 812 3438 ἴδῃ
839 3352 945 3430 πέλας.

155 3495 197 3505 -
223 3467 298 3540 πῶς,
323 3463 408 3545 εἴπερ
432 3460 610 3545 ὀφθαλμοῖς
633 3482 670 3547 γε
694 3470 756 3536 τοῖς
780 3461 885 3537 αὐτοῖς
909 3460 984 3545 δρᾷς

155 3601 198 3612 -
223 3565 286 3651 ἐγὼ
310 3567 461 3631 σκοτώσιο
487 3566 628 3653 βλέφαρα
651 3569 706 3631 καὶ
730 3567 909 3651 δεδορκότα.

116 3687 153 3753 Id
184 3707 313 3771 quoque
346 3689 362 3752 ό
386 3689 580 3776 προλογίζων
611 3709 711 3773 saepe
745 3696 975 3757 commemorat
1002 3709 1065 3772 que
1088 3691 1158 3757 loco
1182 3693 1238 3759 illo

102 3795 260 3876 temporis
279 3804 441 3862 momento
466 3816 680 3881 unaquaeque
703 3816 919 3880 personarum
944 3799 1083 3880 quaein
1107 3817 1238 3864 censum

93 3907 141 3965 mt
171 3901 224 3980 sit,
261 3903 338 3984 quid
362 3910 450 3986 agat,
476 3923 534 3970 cur
557 3923 620 3970 non
642 3906 716 3986 ipsa
741 3904 828 3971 adsit
852 3911 910 3971 aut
933 3924 996 3972 non
1019 3924 1238 3990 progressura

93 4025 169 4089 puae
194 4018 270 4074 sunt
294 4008 363 4074 eius
387 4012 528 4090 generis.
576 4011 683 4093 Legas
700 4012 778 4078 Eur.
795 4013 960 4080 Heraclid.
985 4013 1060 4081 inde
1084 4033 1104 4080 a
1126 4033 1155 4078 v.
1175 4012 1236 4079 41:

221 4115 242 4199 ἡ
266 4113 293 4177 δ’
315 4118 355 4178 αὖ
378 4119 414 4180 τό
437 4116 523 4202 θῆλυ
547 4118 656 4196 παιδός
679 4115 844 4206 Ἀλκμήνη
868 4119 958 4206 γένος

221 4221 325 4286 ἕσωόε
349 4231 425 4287 ναοῠ
449 4222 531 4288 τοῦδ’
553 4225 811 4314 ὑπηγκοιλισμένη

222 4328 325 4415 σῴζει·
349 4329 421 4408 νέας
443 4335 504 4418 γάρ
528 4333 705 4418 παρθένους
729 4334 905 4419 apocopae

222 4438 308 4528 ὄχλῳ
332 4438 478 4520 πελάζειν
502 4440 814 4530 κάπιβωμιοστατεῖν.
