2910 4942
683 250 904 322 ...52-

179 450 354 518 imitamur.
401 450 501 518 Vides
532 471 627 535 quam
659 451 757 535 digna
786 453 863 519 talis
893 452 1038 519 defensio
1063 450 1107 518 sit
1130 449 1292 532 Eupolide
1316 458 1415 534 poeta

180 559 397 625 acerbissimo.
434 559 571 624 Dualem
595 566 705 625 autem
721 577 891 624 numerum
916 549 996 624 satis
1013 559 1123 640 inepte
1140 558 1293 624 Struvius
1310 560 1414 625 inter-

179 671 347 747 pretatur:
371 663 406 729 in
429 665 619 731 Maricantls
643 665 780 730 alterius
804 664 889 730 enim
912 664 1068 747 parabasi
1091 663 1261 730 recitanda
1276 665 1413 732 chorum

179 774 333 856 opinatur
350 771 561 837 distributum
577 769 729 868 fuissesin
745 771 826 837 duos
843 772 1057 851 hemichoros‚
1074 778 1254 854 propterea
1273 773 1414 837 maxime

179 877 265 961 quod
288 882 405 960 poetae
428 875 644 957 interfuisset,
675 884 712 942 ut
736 882 770 944 et
793 879 937 959 priorem
960 879 1133 945 editionem
1159 877 1358 945 defenderet
1381 887 1414 946 et

178 986 316 1052 alteram
341 984 583 1051 commendaret
606 987 858 1068 spectatoribus.
899 986 986 1064 Quas
1011 1005 1113 1067 nugas
1129 984 1278 1051 refutare
1295 1005 1415 1069 super-

178 1091 285 1158 sedeo.
334 1090 437 1157 Attuli
470 1096 590 1172 autem,
626 1090 712 1172 quod
744 1096 854 1156 tamen
886 1111 983 1157 unum
1017 1091 1098 1157 illud
1128 1099 1218 1159 recte
1241 1092 1414 1159 Stravium

118 1270 120 1273 ,
177 1199 377 1265 intellexisse
393 1203 472 1279 puto
488 1202 639 1280 spectaro
655 1196 824 1284 ίππεύομεν
840 1219 951 1265 νοοοω
964 1199 1006 1265 ad
1019 1199 1246 1282 Aristophanis
1261 1202 1412 1283 Equites.

178 1307 337 1389 Equidem
362 1305 446 1374 enim
470 1303 498 1370 si
521 1305 705 1387 Vesparum
728 1307 833 1372 locum
857 1325 1009 1388 comparo
1033 1306 1108 1372 inde
1133 1325 1152 1371 a
1175 1326 1205 1371 ν.
1229 1306 1293 1371 54;

390 1412 464 1498 φέρε
488 1432 541 1477 νυν
564 1413 705 1477 κατείπω
728 1421 791 1490 τοῖς
815 1414 946 1490 θεαταῖς
969 1415 1021 1478 τδν
1045 1413 1138 1499 λόγον

390 1517 468 1606 ὀλίγ’
491 1517 564 1584 ἅτθ’
586 1521 726 1586 ὑπειπὼν
751 1530 873 1606 πρῶτον
898 1522 1035 1585 αὐτοῖσιν
1059 1520 1138 1603 ταδί,

390 1625 486 1712 μηδὲν
510 1622 583 1709 παρ’
605 1625 694 1710 ἡμῶν
718 1625 896 1711 προσδοκᾶν
920 1626 990 1691 λίαν
1014 1625 1104 1712 μέγα,
1189 1651 1193 1660 ·

391 1730 462 1818 μηδ’
484 1735 524 1796 αὖ
548 1731 672 1818 γέλωτα
695 1732 884 1820 Μεγαρόθεν
907 1734 1131 1821 κεκλεμμένον.

388 1841 463 1927 ἡμῖν
486 1842 547 1926 γὰρ
571 1841 630 1904 οὐκ
653 1839 715 1904 ἔστ’
736 1843 809 1906 οὔτε
830 1821 921 1928 κάρυ’
943 1843 981 1907 ἐκ
1003 1843 1151 1929 φορμίδος

390 1947 491 2011 δούλω
516 1946 748 2032 διαρριπτοῦντε
771 1959 834 2027 τοῖς
857 1950 1040 2037 θεωμένοις,

390 2052 462 2118 οὔθ’
484 2053 643 2141 Ἡρακλῆς
665 2058 700 2119 rb
724 2056 848 2122 δεῖπνον
871 2056 1121 2143 ἐξαπατώμενος,

389 2159 454 2224 οὐδ’
477 2161 570 2238 αὖθις
593 2162 892 2250 ἀνασελγαινόμενος
915 2164 1093 2251 Εὐριπίδης.

388 2480 459 2547 ἀλλ’
482 2484 564 2548 ἔστιν
587 2483 660 2568 ἡμῖν
685 2483 819 2569 λογίδιον
843 2482 970 2570 γνώμην
994 2484 1068 2570 ἔχον
1091 2483 1160 2549 κτλ.

174 2595 207 2656 et
230 2589 384 2673 Equitum
414 2589 489 2657 inde
513 2610 533 2657 a
555 2611 585 2657 ν.
610 2589 663 2671 36,
690 2589 803 2658 lacere
833 2610 896 2657 non
923 2609 1055 2674 possum
1081 2591 1159 2674 quin
1182 2592 1314 2659 credam
1340 2593 1408 2660 Eu-

172 2697 289 2780 polidis
313 2716 442 2782 quoque
465 2717 613 2769 versum:

385 2833 429 2860 υ
452 2841 495 2853 —-
518 2832 561 2860 ν
585 2806 628 2870 νὼ
652 2805 722 2891 γοίρ,
747 2804 866 2891 ἄνδρες,
889 2806 949 2892 οὐχ
972 2805 1140 2892 ίππεύομεν

173 2913 378 2995 desumptum
410 2932 483 2981 esse
512 2913 701 2981 ediverbio
734 2915 872 2981 duorum
905 2915 1080 2992 hominum,
1117 2916 1172 2998 qui
1205 2915 1238 2981 in
1271 2909 1405 2980 fabulae

172 3019 308 3103 prologo
332 3021 574 3102 spectatoribus
598 3025 827 3100 argumentum
852 3028 1061 3102 exponerent.
1107 3022 1189 3088 Nam
1213 3021 1255 3087 ad
1273 3025 1406 3102 specta·

171 3132 262 3193 tores
285 3126 368 3193 haec
391 3127 454 3194 dici
477 3125 639 3209 probatur
658 3127 714 3193 illa
731 3126 978 3208 compellatione
1001 3127 1119 3214 ἄνδρες.
1167 3126 1326 3196 conferas
1345 3131 1403 3193 Αν.

171 3254 200 3302 ν.
224 3233 285 3300 30:
318 3235 407 3321 ἡμεῖς
438 3237 509 3322 γοίρ,
543 3235 671 3321 ὧνδρες,
707 3234 735 3298 οἱ
767 3233 918 3319 παρόντες
950 3235 983 3299 έν
1015 3233 1099 3321 λόγῳ
1133 3241 1194 3303 etc.
1242 3235 1404 3302 Parabasi

171 3328 351 3406 automno
382 3341 565 3407 tribuamus
598 3339 734 3422 impedit
763 3341 868 3407 dualis
898 3341 954 3406 ille
977 3361 1141 3411 numerus.
1187 3341 1276 3409 Dicit
1297 3341 1404 3424 igitur

171 3444 266 3524 alter,
291 3464 405 3512 servus
429 3444 588 3512 fortasse:
612 3465 681 3526 nos,
706 3454 959 3530 aspectatores,
984 3468 1047 3517 non
1064 3449 1257 3541 equitamus,
1282 3450 1402 3517 idest:

169 3551 230 3617 hac
252 3552 286 3618 in
309 3552 421 3619 fabula
444 3572 507 3620 non
532 3552 746 3636 equitabitur,
771 3555 889 3622 chorus
910 3575 974 3621 non
990 3555 1154 3624 constabit
1169 3577 1208 3623 ex
1223 3556 1401 3641 equitibus.

170 3658 204 3726 Si
228 3667 337 3726 autem
362 3661 434 3743 quis
459 3679 623 3743 opponere
646 3663 734 3729 volet
756 3680 820 3728 non
844 3663 925 3730 satis
949 3670 1026 3746 apte
1050 3670 1083 3730 et
1107 3682 1186 3732 sane
1208 3665 1290 3731 haec
1313 3664 1403 3731 dicta

170 3780 253 3842 esse,
278 3780 349 3829 cum
373 3763 542 3845 equitandi
566 3785 682 3832 munus
706 3768 739 3833 in
757 3769 928 3851 Equitibus
951 3789 1015 3836 non
1030 3788 1209 3851 serrorum,
1234 3771 1293 3837 sed
1309 3770 1402 3837 chori

169 3868 280 3950 luerit,
313 3869 497 3936 meminerit
530 3872 642 3939 comici
674 3881 791 3956 poetae
824 3878 925 3944 verba
956 3884 1129 3961 tantopere
1158 3897 1309 3962 premere
1336 3896 1400 3943 non

168 3974 280 4041 licere.
326 3975 515 4059 Suscipiunt
539 3985 624 4045 enim
648 3981 768 4049 talibus
790 3984 872 4051 locis
888 3986 911 4050 ii
927 3985 983 4068 qui
998 3987 1170 4069 prologum
1186 3986 1401 4069 pronuntiant

168 4080 271 4163 ipsius
284 4081 377 4164 quasi
395 4083 579 4151 comoediae
595 4091 719 4168 partes.
755 4089 914 4158 conferas
931 4093 1115 4175 Vesparum
1129 4096 1235 4163 locum
1251 4095 1400 4174 allatum,

167 4188 224 4274 qui
252 4190 322 4271 ipse
353 4209 481 4272 quoque
504 4193 537 4257 in
561 4213 730 4261 servornm
755 4198 974 4265 condicionem
1002 4201 1132 4268 minime
1163 4204 1314 4284 quadrat,
1351 4201 1401 4267 in·

166 4295 281 4378 primis
310 4296 385 4364 inde
417 4317 488 4365 av.
514 4298 566 4366 58.
614 4301 721 4368 Aliter
753 4313 942 4388 comparata
972 4312 1025 4374 est
1046 4309 1187 4376 Nubium
1211 4329 1289 4394 pars
1313 4326 1401 4389 quae

53 4502 56 4507 Ι
166 4405 220 4467 ost
249 4400 325 4470 inde
355 4423 426 4470 av.
450 4406 517 4472 534
547 4427 650 4490 usque
682 4411 724 4477 ad
750 4433 780 4478 ν.
805 4413 881 4479 544.
928 4415 1017 4482 Haec
1048 4416 1077 4482 si
1108 4423 1199 4486 recte
1229 4418 1402 4503 disputata

82 4544 114 4660 ι
162 4512 251 4587 sunt,
275 4507 328 4574 bio
352 4529 479 4593 quoque
502 4514 592 4581 locus
617 4517 657 4582 ad
682 4521 936 4588 controversiam
959 4523 1048 4589 illam
1072 4524 1217 4607 pertinet
1234 4544 1318 4608 quac
1336 4527 1402 4595 luit
