2926 4950
561 287 780 362 bra„

52 508 140 574 quae
158 510 197 556 ex
214 489 408 558 Philemonis
430 476 575 574 exemplo
592 511 687 559 versa
703 501 764 574 est,
789 494 939 560 Callicles
963 513 1062 560 senex
1078 479 1283 576 Megaronidi

52 601 160 665 amico
185 605 412 680 argumentum
436 600 611 667 concredit.
659 601 765 682 Legas
790 620 904 668 versus
928 602 1003 668 inde
1027 622 1047 667 a
1071 602 1152 668 140:

272 709 383 783 subigis
405 710 565 769 maledictis
588 713 721 779 metuis,
748 711 962 785 Megaronides

273 835 347 875 neno
368 819 452 877 niodo
475 819 546 876 adeo
568 823 600 877 ut
623 818 700 890 quod
720 835 799 877 ureae
821 821 1040 878 concreditumst

274 919 466 982 taciturnitati
489 925 571 993 clam,
593 925 651 994 ride
673 929 700 983 et
720 926 853 996 fiduciae,

272 1047 307 1088 ne
329 1033 510 1090 enuntiarem
532 1035 687 1105 quoiquam
709 1050 766 1092 neu
780 1034 911 1107 facerem
928 1034 1039 1108 pulum

272 1143 304 1196 ut
326 1139 399 1197 urdti
421 1157 531 1199 neeesse
554 1143 593 1200 sit
614 1142 674 1199 iam
697 1141 730 1199 id
751 1143 804 1200 tibi
826 1141 998 1201 concredere.

207 1276 249 1286 -
273 1245 345 1303 miii
367 1247 445 1317 quod
466 1248 631 1317 credideris,
655 1266 750 1308 sumes
773 1251 824 1308 ubi
840 1250 994 1320 posueris.

207 1386 248 1396 -
272 1355 527 1427 circumspicedum
550 1361 583 1425 te,
606 1359 708 1428 nequis
732 1357 810 1415 adsit
832 1357 940 1415 arbiter

273 1464 373 1531 nobia-
388 1467 415 1520 et
437 1481 542 1535 quaeso
564 1464 719 1522 identidem
741 1465 933 1535 circumspice.

207 1601 249 1610 -
273 1569 404 1627 ausculto
426 1569 526 1642 siquid
548 1571 637 1630 dnus.

57 1669 185 1735 Similia
220 1691 258 1737 ea
294 1691 422 1755 quoque
456 1680 533 1740 sunt
568 1694 651 1757 quae
685 1675 719 1739 in
756 1674 954 1739 Truculento
989 1672 1127 1753 legimus
1162 1674 1236 1739 inde
1270 1694 1289 1739 a

57 1797 87 1845 ν.
114 1777 183 1843 387
208 1776 381 1864 (Schoell):

276 1891 308 1945 tu
329 1905 408 1945 nnnc
429 1893 571 1960 superstes
593 1889 672 1948 sotus
695 1890 822 1948 sermoni
843 1888 941 1958 meo'a

275 1973 328 2053 tibi
349 2011 412 2053 meu
435 1997 557 2054 consilia
580 2013 694 2054 sumena
715 2014 824 2069 semper
848 1998 965 2056 credidi.

275 2103 405 2175 equidem
426 2119 516 2175 neque
532 2105 635 2176 peperi
651 2121 777 2176 nmrum
800 2108 882 2182 eth.

60 2205 158 2271 Aliud
192 2224 295 2287 genus
328 2225 391 2271 non
424 2209 472 2272 ita
503 2208 658 2274 dissimile
691 2215 725 2274 et
757 2210 864 2290 ipsum
898 2227 1026 2290 quoque
1063 2210 1290 2290 pervulgatum

60 2318 178 2395 postca
211 2312 432 2378 tractabimus.
467 2349 508 2359 —
540 2315 604 2380 Sed
635 2314 759 2396 delapsi
784 2333 894 2380 sumus
918 2314 959 2379 ab
983 2315 1047 2380 illis
1072 2315 1149 2382 locis
1174 2315 1290 2397 quibua

61 2426 219 2485 extraneo
243 2419 363 2484 homini
387 2438 407 2484 a
430 2422 606 2496 domestico
631 2428 857 2505 argumentum
881 2422 1013 2486 narrari
1035 2423 1182 2488 vidimus.
1228 2423 1290 2488 Re-

61 2523 233 2590 lerendum
263 2530 371 2590 autem
405 2544 478 2592 esse
509 2526 639 2592 ridetur
668 2529 754 2593 inter
784 2547 840 2594 eos
871 2529 1043 2595 Menandri
1073 2529 1292 2613 fragmentum

61 2633 156 2717 (600)
175 2634 260 2715 quod
284 2632 317 2697 in
333 2633 464 2699 scholiis
488 2634 703 2700 Aristoteliois
720 2635 775 2718 (ed
793 2637 910 2704 .Berol.
928 2658 960 2717 p.
976 2636 1047 2703 aab
1074 2639 1128 2724 13)
1153 2645 1187 2704 ct
1212 2637 1290 2705 alibi

61 2744 228 2807 servatum
254 2744 321 2804 est:

277 2849 336 2934 οὐχ
359 2847 376 2912 ὁ
399 2848 545 2933 τρόφιμός
568 2872 623 2913 σου
647 2851 724 2934 πρὸς
747 2850 842 2931 θεῶν,
868 2847 1024 2936 ’Ouiana

278 2956 294 3018 ὁ
317 2964 370 3021 νῦν
394 2958 476 3042 ἔχων
499 2955 693 3043 Ἃβροτὸνιον
716 2960 772 3043 τὴν
797 2957 960 3042 ψάλτριαν,

279 3060 368 3148 ἔγημ’
389 3064 540 3149 {aarum
567 3101 606 3110 -
631 3064 713 3128 πάνυ
738 3064 881 3147 μὲνοῦν.

63 3167 134 3234 Nisi
169 3166 266 3234 fallor
295 3169 464 3235 Onesimus
502 3189 616 3236 servus
651 3177 702 3236 cst
738 3171 838 3255 (quod
869 3170 953 3235 idem
986 3171 1019 3236 in
1047 3171 1152 3235 locum
1185 3191 1216 3253 p.
1253 3173 1294 3236 18

62 3280 201 3346 allatum
224 3279 342 3345 cadere
365 3278 537 3364 suspicor),
563 3280 617 3361 qui
637 3279 733 3362 paulo
749 3285 825 3360 post
841 3284 1067 3359 argumentum
1085 3279 1293 3360 expositurus

63 3393 124 3458 ast.
164 3385 323 3453 (lanieras
347 3386 381 3452 id
406 3387 491 3469 quod
511 3386 656 3452 scholion
673 3386 807 3451 Aristid.
826 3405 855 3467 p.
875 3384 949 3450 53d
974 3385 1067 3451 Dind.
1087 3386 1126 3452 de
1148 3386 1294 3470 τρόφιμος

62 3513 142 3561 voce
166 3493 277 3560 docet:
313 3493 368 3557 δύο
398 3494 496 3579 οὖνὴ
526 3492 606 3572 λέξις
630 3493 780 3580 σημαίνει,
812 3495 865 3557 καὶ
896 3494 949 3556 τὸν
972 3491 1137 3577 θρέψαντα
1164 3494 1293 3558 καὶτὸν

59 3599 230 3688 τραφέντα·
255 3599 418 3685 θρέψαντα
441 3603 493 3666 τὸν
514 3601 676 3686 δεσπότην,
700 3599 741 3675 ὡς
769 3601 855 3683 παρὰ
871 3595 1050 3682 Μενάνδρῳ.
1091 3597 1293 3680 Quamquam

60 3707 180 3775 dubito
211 3714 287 3771 num
319 3707 400 3772 haec
430 3709 462 3772 in
493 3713 641 3773 nostrum
672 3706 777 3770 locum
808 3705 979 3786 quadrent.
1026 3705 1186 3786 Equidem
1211 3708 1294 3771 enim
1400 3695 1405 3706 '

58 3811 291 3896 paedagogum
320 3829 451 3877 servum
482 3830 657 3894 agnoscere
690 3810 768 3876 milri
801 3811 924 3890 videor,
956 3811 1010 3893 qui
1039 3810 1240 3878 ereberrime
1263 3814 1295 3877 in

10 3948 18 3957 ··
58 3918 233 3987 comoedia
249 3920 401 3983 occurrit.
447 3919 612 3984 illustrari
629 3925 737 3984 autem
754 3917 979 3984 mihividetur
996 3917 1047 3983 hic
1064 3919 1153 3986 locus
1171 3921 1293 3986 'leren-

58 4026 164 4095 ti'ania
196 4023 331 4106 duobus,
364 4025 418 4106 qui
448 4032 525 4091 sunt
551 4025 584 4088 in
608 4023 727 4090 fabulis
752 4043 852 4106 supra
876 4023 995 4091 allatis.
1042 4026 1121 4091 Dico
1146 4026 1295 4109 Hecyrae

57 4155 91 4202 ν.
117 4133 162 4198 97
186 4150 256 4213 su:

281 4242 332 4301 sed
354 4243 426 4314 quid
446 4243 498 4300 doc
519 4244 648 4316 negotist,
671 4240 755 4299 modo
778 4239 855 4312 quod
875 4242 1010 4300 narrauit
1033 4241 1106 4297 midi

279 4349 326 4407 dic
348 4351 426 4407 intus
451 4347 598 4406 Bacchis?
620 4348 697 4420 quod
720 4365 769 4421 eqo
791 4332 948 4418 nurnquum
972 4346 1083 4404 credidi

246 4477 248 4482 ·
277 4459 355 4535 sore,
376 4461 410 4516 ut
432 4457 481 4515 iiie
503 4458 556 4514 ime
577 4457 642 4514 airu
660 4459 759 4527 posset
782 4456 912 4513 animum
935 4454 1070 4512 inducere

280 4581 400 4624 unorem
422 4565 532 4623 laudere.
