2910 4942
608 219 827 286 ..(51..

267 418 270 428 ’
318 423 373 500 τῆς
395 411 541 499 Ἀττικῆς
564 413 696 501 νομίζετ’
719 417 797 479 εἶναι
821 417 873 479 τὸν
897 415 990 480 τιπον

184 549 186 552 ·
262 583 264 587 ,
318 520 440 607 Φυλήν,
464 525 499 585 τὸ
522 520 686 606 Νυμφαῖον
710 520 737 587 δ’
759 523 835 587 ὅθεν
859 523 1052 609 προέρχομαι
1116 596 1119 602 ,

280 632 284 639 ’
309 628 497 711 (troianos),
1132 648 1135 651 ·

96 737 115 803 ἰ
158 749 287 856 quidem
311 757 401 816 recte
424 752 514 816 Pana
538 750 619 816 haec
643 749 809 818 recitasse
824 752 1020 820 Ribbeckius
1045 755 1191 823 coniecit.

212 853 292 942 Cum
323 878 479 959 prologus
510 878 565 943 ille
599 880 688 944 locus
724 897 796 944 esse
831 856 1000 948 videretur
1033 883 1089 948 ubi
1123 888 1221 964 poete
1256 880 1333 964 quid

93 981 234 1051 uberet
220 991 427 1077 tenponere
460 993 582 1069 posset,
617 987 760 1053 etiamt
746 989 829 1054 tales
864 1008 918 1054 res
952 991 981 1056 ei
1014 989 1155 1056 insertas
1187 989 1333 1055 videmus

93 1090 223 1162 luibus
255 1112 327 1159 oum
359 1093 490 1159 fabulae
523 1084 715 1174 argumento
749 1100 806 1174 aut
837 1097 969 1176 paulum
998 1103 1055 1162 aut
1041 1096 1157 1162 tnihil
1181 1098 1233 1163 ιιι.
1281 1096 1333 1162 Sic

93 1207 168 1264 am
200 1201 233 1265 ln
266 1199 459 1298 posterioris
492 1207 581 1266 aetat
583 1201 610 1266 is
643 1201 822 1282 tragoediis
856 1221 919 1267 non
952 1203 1070 1270 desunt
1099 1203 1192 1269 ιοοι
1184 1222 1217 1268 m
1240 1188 1332 1267 initio

93 1303 309 1391 )1οιιιιιιοιιο
320 1301 434 1392 positi
442 1307 559 1390 quibus
583 1315 681 1391 poeta
697 1310 774 1392 quid
798 1310 916 1393 aliqua
931 1312 971 1376 de
995 1329 1031 1376 re
1055 1317 1191 1376 externa
1214 1309 1334 1375 sentiat

93 1421 192 1481 ecte
227 1415 398 1497 significat.
451 1415 607 1482 Conferas
639 1435 678 1481 ea
706 1435 789 1498 qnae
820 1416 852 1480 in
878 1418 974 1502 Soph.
1000 1417 1049 1483 El.
1082 1418 1157 1482 inde
1187 1437 1207 1482 ι
1235 1437 1264 1481 ι.
1290 1415 1332 1480 59

96 1528 270 1604 eguntur,
305 1540 499 1629 quamquam
536 1519 708 1588 obscurum
743 1526 794 1586 est
829 1530 925 1602 quam
959 1540 1028 1588 rem
1063 1530 1160 1604 poeta
1195 1529 1331 1605 spectet

93 1628 278 1694 «ιιιιιιιιιι
303 1619 360 1695 aut
361 1648 412 1694 em
436 1627 543 1710 patuit
529 1629 645 1693 thaec
669 1646 724 1693 res
748 1628 836 1709 apud
855 1634 933 1709 poet
935 1647 970 1694 as
988 1631 1134 1696 comicos
1182 1630 1225 1695 Hi
1249 1629 1333 1696 enim

98 1732 168 1799 d
158 1752 193 1797 ιιι
218 1733 342 1798 deliciis
367 1731 585 1812 ιιιιιιιιιιιιιι
565 1741 688 1810 utnon
711 1733 839 1799 modo
830 1754 863 1799 1n
887 1735 1050 1816 perthesi,
1074 1735 1333 1816 sedinprologo
1424 1798 1427 1805 .

93 1850 235 1922 quoque
259 1859 330 1905 eom
353 1842 459 1923 ipsam
481 1838 622 1905 fabulam
649 1842 732 1924 qnae
752 1841 879 1922 agenda
903 1847 975 1908 erat
991 1849 1138 1924 spectato
1069 1841 1232 1909 tatoribus
1250 1861 1333 1908 corn-

93 1947 308 2024 :nendarent
333 1947 402 2013 eius
424 1949 660 2032 praestantiam
677 1947 918 2028 praedicarent,
942 1949 1087 2029 ipsorum
1103 1945 1243 2012 virtutes
1267 1964 1334 2010 me-

93 2055 235 2135 ritaque
264 2057 297 2117 et
321 2053 406 2135 quod
431 2053 471 2118 ad
501 2059 606 2118 artem
636 2050 797 2132 poeticam
830 2051 987 2116 attineret
1019 2059 1053 2116 et
1085 2051 1117 2114 in
1147 2046 1333 2118 universam
1392 2087 1395 2104 ·

93 2177 175 2226 rem
199 2159 359 2240 publicam
385 2165 600 2238 ostentarent,
625 2159 762 2223 aliorum
782 2158 944 2225 hominum
963 2178 1025 2224 non
1043 2157 1146 2223 solum
1162 2164 1334 2239 poetarum

93 2269 163 2335 sed
195 2269 293 2334 etiam
323 2269 405 2333 elius
437 2268 567 2349 generis
600 2269 678 2332 vitia
706 2269 971 2350 perstringerent
997 2268 1332 2351 atque-castigarent.

96 2375 216 2441 Affero
250 2382 359 2442 autem
391 2375 486 2440 huius
519 2376 798 2441 commentationis
830 2375 864 2438 in
885 2374 963 2440 line
986 2395 1084 2441 unum
1102 2376 1178 2442 eius
1203 2373 1334 2461 generis

93 2482 228 2565 locum:
254 2482 442 2565 Apollonius
459 2481 648 2566 Dyscolus
639 2501 672 2547 m
693 2483 796 2548 libelli
820 2484 889 2566 περι
913 2482 1105 2566 ἀντωνυμιας
1122 2484 1177 2565 qui
1196 2481 1333 2562 inscrip-

101 2595 159 2655 tus
193 2596 245 2655 est
275 2609 306 2671 p.
339 2591 381 2654 85
415 2591 477 2673 (ed.
503 2589 693 2670 Schneider)
726 2589 807 2655 haec
839 2588 982 2709 profert:
1014 2592 1060 2654 νὼ
1093 2587 1334 2674 μονοσυλλοιβως

104 2696 243 2774 Εὔπολις
267 2696 396 2782 Μαρικᾶ
419 2696 607 2783 (frg.188)·
889 2729 892 2732 ⁴

532 2823 574 2885 νὼ
597 2821 668 2907 γάρ,
693 2819 810 2932 ἄνδρες,
835 2820 894 2906 οὐχ
918 2816 1097 2904 ἱππειομεν.

108 2945 190 3023 Quid
215 2945 398 3028 significent
422 2935 503 3012 haec
527 2944 628 3011 verba
658 2964 750 3010 nemo
776 2944 960 3026 explicavit,
986 2945 1046 3009 nisi
1075 2945 1221 3025 quodt
1185 2945 1334 3010 Struvius

103 3053 138 3147 in
163 3055 319 3119 dissertat
270 3053 393 3118 ttione
418 3053 466 3118 De
490 3052 660 3134 Eupolidis
684 3052 863 3117 Maricante
894 3043 1090 3117 sententiam
1114 3048 1195 3114 satis
1219 3049 1334 3114 miram

107 3168 182 3289 proi
168 3163 253 3228 tulit.
231 3162 476 3244 tOoniungit
500 3163 584 3226 enim
608 3159 773 3241 fragment
774 3179 828 3224 um
850 3158 932 3224 394:
958 3160 1180 3244 ἀναγχιππεῖν·
1198 3157 1263 3220 ἀντι
1281 3164 1334 3219 τοῦ

108 3266 172 3352 μετ’
203 3268 344 3354 ἀνάγκης
377 3268 526 3332 ἱππεύειν
559 3265 706 3344 Εὔπολις,
743 3267 827 3346 qnod
860 3264 942 3346 legit
944 3283 983 3329 ur
1016 3265 1101 3358 apud
1136 3242 1335 3328 Suidamt
1299 3271 1335 3329 et

109 3373 277 3457 Zonaram,
303 3392 375 3439 eum
398 3374 432 3436 in
455 3373 585 3437 modum
609 3367 679 3438 cum
703 3372 763 3438 hoc
786 3372 930 3450 ιοοο,ιιι
894 3372 1079 3453 utllupolln
1103 3371 1186 3435 haec
1208 3369 1311 3485 fere
1301 3389 1335 3467 ιιι

103 3480 261 3583 ιιιιιιιιιι
286 3481 399 3547 dicent
380 3484 446 3547 tem
470 3479 586 3546 faciat:
817 3488 818 3491 ’

203 3603 206 3606 ’
321 3607 363 3669 νὼ
387 3605 458 3690 γάρ,
483 3604 601 3689 ἄνδρες,
625 3605 684 3691 οὐχ
708 3603 831 3682 ἑκοντες
854 3591 997 3690 οὐδαμῶς
1022 3603 1201 3687 ιππεὺομεν,
1296 3648 1298 3652 »

321 3710 391 3776 ἀλλ’
414 3713 673 3797 ἀναγχιπποῠμεν
721 3759 728 3774 .
777 3759 784 3773 .
833 3759 840 3774 .
889 3760 896 3774 .

109 3837 298 3920 significare
323 3857 364 3902 au
367 3846 430 3903 tem
455 3836 536 3902 haec
561 3835 652 3901 chori
675 3834 792 3902 verba:
823 3856 881 3903 nos
906 3837 1000 3917 enim,
1017 3853 1102 3919 spec
1103 3843 1240 3914 ιιιοιοι,
1272 3853 1335 3899 non

107 3954 221 4012 nostra
245 3953 360 4027 sponte
384 3935 458 4026 equi
461 3950 579 4021 tamus,
603 3943 662 4008 sed
687 3941 893 4023 cogimnrut
917 3943 1108 4022 equit.emns
1155 3941 1224 4005 Hoc
1241 3941 1334 4005 modo

113 4052 266 4119 refellere
290 4053 429 4133 Eupolin
462 4034 673 4134 opprobrium
703 4050 821 4115 illud
813 4070 846 4115 m
870 4049 1008 4115 Nubinm
1040 4046 1194 4130 parabasl
1217 4047 1335 4112 indea

108 4168 144 4225 νζ
162 4159 227 4232 553
254 4157 317 4224 sibi
351 4158 391 4224 ab
417 4159 636 4240 Aristophane
659 4157 790 4236 factum,
823 4158 907 4238 quod
932 4158 1066 4240 Equites
1098 4157 1131 4222 ιιι
1155 4157 1334 4234 Maricante

109 4268 274 4354 (Struvius
308 4267 392 4332 enlm
423 4268 503 4332 haec
529 4267 631 4333 verba
655 4265 751 4332 alteri
774 4265 947 4330 Maricanti
971 4265 1038 4344 dat,
1073 4263 1335 4346 quam'fabulam

109 4373 158 4440 bis
192 4384 297 4440 actam
332 4392 404 4439 esse
438 4374 545 4438 nescio
580 4373 665 4438 unde
698 4371 843 4454 colligat)
874 4371 1017 4452 turpiter
1040 4368 1236 4450 expilasset.
1263 4386 1335 4434 cum

110 4481 250 4548 diceret:
285 4500 342 4546 nos
374 4480 402 4546 ιι
426 4480 562 4562 Equites
596 4479 773 4559 imitamur,
809 4496 873 4542 non
906 4477 945 4542 de
969 4475 1131 4542 industria
1160 4474 1218 4540 sed
1241 4473 1335 4548 inviti
