2910 4942
569 225 788 290 „23..

277 421 359 486 οἶνόν
382 442 416 485 τε
439 421 535 486 πίνων
559 422 601 498 εἰς
624 422 726 506 ἔρωτά
748 420 774 485 τ’
796 420 950 506 ἐμπεσών.

277 529 439 614 ἀμφότερα
462 527 569 614 μηνύει
592 532 653 614 γὰρ
676 530 740 593 ἀπὸ
762 536 824 594 τῶν
848 527 1033 614 βλεμμάτων

278 637 415 700 καὶτῶν
439 635 542 722 λόγων
565 633 667 700 ταῦθ’·
692 637 771 700 ὥστε
794 639 864 714 τοὺς
888 635 1104 721 ἀρνουμένους,

279 742 413 828 μάλιστα
436 743 561 821 τούτους
586 790 593 807 .
619 791 626 807 .
653 791 660 807 .
686 791 693 807 .
718 752 908 836 καταφανεῖς
932 752 1022 807 ποιεῖ.

63 850 154 927 Quae
186 850 230 916 sit
262 869 316 916 res
350 852 437 916 olore
459 851 678 934 perspicitur.
726 851 857 917 Iuvenis
890 857 957 918 tam
989 849 1117 932 perdite
1149 848 1290 930 puellam

64 959 206 1042 aliquam
245 965 352 1041 amat,
392 964 429 1026 ut
466 979 536 1041 res,
570 959 700 1025 etiamsi
735 958 843 1025 celare
883 976 954 1024 eam
994 957 1146 1036 studeat,
1181 961 1290 1020 tamen

64 1068 222 1146 comitem,
247 1086 378 1133 servum
401 1074 491 1150 puto,
515 1086 580 1133 non
595 1064 739 1148 effugiat.
781 1067 897 1147 Itaque
919 1064 972 1132 hic
993 1083 1066 1131 eum
1083 1062 1290 1141 adhortatur,

64 1180 100 1240 ut
123 1174 185 1240 sibi
210 1193 353 1240 umorem
377 1193 470 1240 suum
495 1174 617 1240 credat.
665 1171 716 1237 nd
739 1171 887 1238 iuvenem
911 1169 991 1236 haec
1015 1168 1078 1234 dici
1099 1187 1138 1234 eo
1162 1185 1290 1250 quoquo

62 1279 233 1360 probatur,
269 1280 355 1362 quod
377 1278 505 1357 Φειδίας
539 1281 638 1347 etiam
661 1280 766 1347 altero
801 1279 871 1345 loco
905 1277 961 1345 ubi
992 1277 1134 1345 occurrit
1164 1274 1290 1341 iuvenis

63 1404 178 1451 nomeu
210 1393 271 1453 est.
318 1387 398 1453 Dico
421 1387 593 1455 Menandri
615 1386 677 1471 frg.
703 1387 779 1468 530,
807 1405 944 1470 quocum
968 1385 1145 1466 coniungas
1168 1382 1231 1450 531
1256 1388 1291 1450 et

64 1492 222 1558 diiuncta
245 1505 300 1581 τῆς
323 1493 394 1571 νέος
421 1494 481 1561 105
506 1500 539 1562 et
566 1495 638 1577 114,
672 1494 728 1577 qui
760 1495 851 1561 locus
875 1501 908 1560 et
930 1493 1000 1576 ipse
1023 1494 1057 1558 in
1080 1490 1211 1559 fabulae
1235 1509 1289 1558 ex-

63 1601 156 1667 ordio
179 1603 305 1684 positus
329 1603 431 1671 fuisse
455 1604 595 1671 videtur.
641 1604 678 1669 In
702 1604 866 1669 nominum
890 1606 998 1668 autem
1022 1619 1084 1666 usu
1107 1598 1233 1664 mediae
1257 1603 1290 1664 et

62 1724 164 1772 novae
189 1707 308 1775 aetatis
331 1716 450 1792 poetae
474 1709 586 1775 comici
610 1710 690 1777 satis
716 1715 824 1776 certas
847 1708 937 1790 loges
961 1712 1153 1788 sequuntur.
1200 1707 1290 1772 Haec

63 1818 173 1879 autem
197 1814 352 1894 condicio,
376 1820 414 1881 ut
435 1816 469 1881 in
489 1813 621 1884 fabulae
644 1817 737 1882 initio
761 1834 837 1883 erus
853 1814 977 1882 iuvenis
994 1832 1099 1896 servo,
1124 1814 1179 1896 qui
1194 1817 1290 1894 roget

63 1923 97 1982 et
119 1917 240 1985 acriter
269 1924 375 1987 instet.
400 1926 433 1988 et
456 1919 552 1988 fidem
574 1924 797 2007 pietatemque
820 1941 912 1990 susm
936 1921 1093 1989 adversus
1118 1939 1191 1986 eum
1215 1938 1290 2002 pro-

62 2021 173 2091 batam
208 2033 446 2109 commemoret,
481 2047 624 2096 amorem
658 2049 752 2097 suum
785 2032 968 2109 concredat,
1003 2035 1071 2094 tam
1106 2029 1221 2094 crebra
1254 2032 1291 2093 ut

61 2131 152 2197 nulla
185 2132 256 2200 fere
291 2134 356 2201 alia
385 2136 418 2201 in
450 2138 624 2205 comoediis
656 2146 716 2207 est.
772 2140 929 2208 conferas
956 2138 1105 2222 inprimis
1136 2134 1290 2204 Pseudoli

62 2239 234 2307 Plautinas
257 2241 395 2326 initium,
421 2245 506 2328 quod
529 2245 590 2312 hoc
614 2253 681 2314 est:

225 2353 260 2413 Si
281 2371 316 2414 eu
338 2360 366 2415 te
388 2361 495 2417 ueeuu
513 2359 582 2432 fieri
598 2375 715 2432 possem
737 2362 848 2430 certior,

155 2464 157 2467 ’
223 2480 277 2533 erc,
301 2482 374 2538 puae
396 2467 530 2527 miseriae
553 2471 578 2526 te
601 2470 660 2526 tau
682 2467 785 2527 misere
806 2468 957 2534 macaeut,

223 2569 346 2630 duorum
371 2572 463 2632 labori
486 2591 536 2649 epo
556 2573 705 2633 homiuum
721 2573 884 2646 parsisseru
908 2571 1023 2632 iudeus:

221 2678 278 2734 roei
300 2681 326 2735 te
347 2678 475 2753 repandi
496 2684 523 2738 et
545 2681 589 2738 tui
612 2681 805 2754 respoudeudi
826 2680 905 2739 milri

222 2801 299 2844 uuue
321 2788 458 2858 quautam
481 2787 514 2845 id
527 2788 600 2862 fieri
621 2805 681 2847 uou
697 2792 801 2861 potest,
825 2788 979 2848 necessitas

222 2909 267 2950 me
288 2894 396 2968 sudipit
417 2898 450 2953 ut
472 2898 498 2953 te
521 2896 648 2969 rapiteru.
673 2895 813 2969 responde
835 2895 923 2953 radii:

222 2999 364 3070 quidest,
388 3001 466 3074 quad
487 3005 519 3061 tu
541 3003 723 3085 euauimatus
746 3004 807 3061 iam
828 3002 879 3061 nos
902 3001 1006 3062 multos
1030 3003 1091 3060 dies

221 3109 316 3180 pestus
339 3107 459 3166 tabellas
482 3111 581 3176 tecum,
603 3124 653 3167 eas
678 3109 814 3167 lacrumis
839 3108 912 3168 uuis

222 3229 312 3285 oeque
334 3209 379 3272 tui
394 3216 568 3286 participem
591 3216 695 3274 cousiii
717 3232 886 3288 quemquam
901 3216 1002 3290 facist

222 3320 359 3393 eloquere,
383 3326 416 3379 ut
438 3322 516 3394 quod
538 3340 587 3398 epo
610 3325 705 3383 neseio
728 3327 819 3382 tecum
841 3324 939 3382 sciara

59 3423 212 3490 Proxime
245 3424 370 3491 accedit
403 3425 608 3493 Curculionis
644 3418 772 3510 quoque
805 3427 982 3508 exordium,
1019 3425 1060 3492 de
1093 3444 1156 3507 quo
1188 3442 1289 3505 supra

59 3529 125 3594 iam
151 3529 298 3597 diximus.
345 3528 503 3598 Exscribo
528 3549 643 3598 versus
668 3549 723 3597 eos
749 3531 803 3613 qui
827 3531 890 3597 huc
913 3530 1097 3613 pertinent:
1124 3531 1140 3594 1
1167 3549 1230 3613 sq.:

225 3644 287 3719 Quo
310 3646 357 3704 ted
377 3645 429 3704 doe
451 3646 543 3704 uectis
566 3645 661 3704 usuam
677 3644 826 3717 prmicisei
840 3645 930 3720 foras

221 3766 286 3809 eum
308 3752 379 3810 istae
402 3755 507 3810 oruata
529 3767 648 3822 cumque
670 3749 724 3807 hae
739 3766 859 3824 pompa,
885 3749 1084 3808 Phaedrome²
1136 3766 1139 3771 ’

155 3892 198 3902 -
221 3876 278 3931 quo
307 3859 402 3919 Veuus
427 3857 592 3930 Cupidoque
615 3858 749 3929 iuperaut
771 3856 926 3929 suadetque
949 3855 1050 3916 Amor.

60 3961 104 4027 23
128 3980 194 4043 sq:

155 4103 197 4114 -
221 4072 363 4144 numquid
384 4074 416 4129 tu
438 4069 515 4142 quod
537 4073 563 4128 te
585 4073 636 4128 aut
655 4086 757 4143 peuere
779 4071 931 4144 iudipuuu
953 4074 992 4133 sit
1014 4077 1063 4130 tuo

214 4179 296 4252 facis
320 4183 371 4237 aut
393 4179 520 4250 inceptas
536 4178 660 4252 facinus
675 4178 785 4253 faeere,
810 4179 1008 4238 Phaedruuer

220 4303 291 4343 uum
314 4289 344 4343 tu
361 4285 487 4357 pudicae
510 4287 657 4358 quoipiam
680 4286 805 4345 iusidias
830 4287 905 4344 locas

221 4399 273 4454 aut
294 4411 381 4467 quam
396 4394 538 4466 pudieam
561 4378 668 4466 oportet
689 4401 770 4453 esse?
792 4427 835 4436 —
857 4394 976 4461 deortui,
1051 4470 1052 4476 ἵ

221 4519 272 4562 uec
294 4520 337 4560 me
361 4502 410 4561 iiie
433 4503 499 4561 sirit
522 4501 665 4574 Juppiter.
694 4519 808 4577 —epo
831 4502 897 4560 itera
919 4501 999 4560 uolo:
