2910 4942
621 259 840 329 ..51.„

112 480 201 548 quae
217 461 327 545 priore
343 459 520 545 pleraeque
536 467 683 544 tempore
696 466 789 527 actae
802 464 888 542 sunt,
905 464 1002 541 poeta
1015 456 1118 542 magis
1131 477 1264 541 operam
1279 456 1344 540 dat,

110 577 154 637 ut
169 589 329 653 personae
346 568 587 655 προλογίζουσαι
603 587 719 635 revera
735 586 844 634 secum
859 566 948 651 loqui
964 575 998 632 et
1014 566 1199 633 deliberare
1215 566 1346 632 videan-

111 681 183 741 tur.
217 674 316 742 Cuius
340 672 470 756 generis
494 691 553 739 eae
574 674 750 755 praecipue
766 670 897 737 fabulae
914 673 1038 737 suntin
1055 670 1171 754 quihus
1188 692 1345 755 personas

110 783 190 849 illas
220 783 330 866 aliqua
359 800 397 848 re
427 780 573 864 graviter
603 779 710 845 animo
740 784 916 845 commotas
946 798 1019 845 esse
1043 778 1186 861 lingitur.
1235 778 1345 847 Aiiero

112 888 177 956 has
207 889 294 956 fere:
330 887 508 972 cynthio.
540 887 625 952 Med.
660 886 827 956 Heraclid.
852 886 952 952 Andr.
977 886 1089 968 Suppl.
1145 888 1346 971 Quamquam

110 996 189 1078 ipsa
217 1016 272 1064 res
296 994 372 1075 fert,
402 1001 440 1062 ut
467 996 529 1071 duo
553 995 634 1061 haec
659 1012 781 1076 genera
804 992 892 1059 inter
915 1012 951 1060 se
975 993 1214 1060 confundantur
1237 1015 1345 1079 neque

112 1110 269 1170 accurate
301 1101 440 1169 discerni
472 1101 599 1184 possint
611 1100 630 1166 ¹.
679 1100 758 1167 Cum
792 1107 901 1167 autem
933 1102 1051 1168 ceteris
1084 1103 1117 1168 in
1148 1102 1266 1169 fabulis
1290 1102 1345 1169 ille

113 1209 172 1292 qui
203 1210 327 1292 primus
358 1208 469 1292 prodit
501 1209 612 1274 statim
644 1226 760 1274 nomen
791 1227 884 1274 suum
914 1208 1065 1290 proferre
1088 1211 1202 1290 soleat,
1238 1213 1285 1276 ita
1309 1217 1346 1276 ut

112 1317 203 1383 nullo
227 1316 320 1383 modo
343 1315 490 1397 intellegi
508 1315 695 1398 possitque
715 1315 755 1380 de
772 1334 880 1394 causa,
905 1316 968 1381 nisi
984 1323 1205 1399 spectatorum
1223 1317 1342 1399 gratia,

113 1423 178 1490 hoc
209 1421 317 1505 iaciat,
350 1423 383 1488 in
415 1421 481 1489 illis
513 1421 634 1489 fabrile
669 1422 704 1488 in
737 1423 854 1504 quibus
885 1430 984 1505 poeta
1007 1425 1077 1489 veri
1101 1424 1345 1491 similitudinem

114 1531 221 1596 minus
244 1529 388 1612 neglexit
412 1536 469 1597 aut
488 1537 580 1596 certa
597 1529 707 1612 aliqua
723 1549 795 1595 cum
811 1529 938 1596 ratione
955 1550 994 1596 ex
1010 1531 1148 1597 hominis
1166 1533 1253 1597 illius
1271 1550 1345 1596 con·

114 1636 240 1704 dicione
258 1637 451 1720 deprompta
473 1637 613 1703 nominis
637 1637 757 1704 mentio
772 1636 820 1716 fit,
845 1644 903 1703 aut
919 1638 1082 1705 omittitur
1098 1637 1202 1721 ipsum
1219 1658 1344 1721 nomen,

115 1743 203 1826 quod
233 1753 342 1811 tamen
374 1765 394 1810 a
425 1742 666 1826 spectatoribus
700 1745 773 1811 aliis
806 1764 845 1811 ex
881 1745 980 1811 rebus
1013 1747 1151 1827 prolatis
1184 1746 1254 1812 sine
1279 1747 1346 1813 ulla

114 1849 308 1917 difficultate
330 1849 470 1916 divinari
493 1850 606 1933 possit,
653 1850 706 1917 Sic
730 1850 772 1916 in¹
790 1850 963 1918 Alcestidis
980 1853 1115 1935 prologo
1139 1852 1179 1918 ah
1196 1854 1343 1936 Apolline

113 1958 325 2039 pronuntiato
349 1976 508 2040 nusquam
532 1957 602 2023 eius
626 1976 742 2024 nomen
765 1958 898 2039 legitur,
923 1960 1024 2025 donec
1047 1960 1079 2024 in
1096 1959 1242 2027 diverbio
1260 1963 1345 2044 quod

113 2065 149 2130 in
172 2083 290 2131 scaena
313 2066 420 2132 altera
442 2065 530 2132 inter
551 2067 732 2148 Apollinem
765 2073 798 2133 et
822 2065 964 2132 Θάνατον
989 2066 1026 2133 lit
1048 2068 1100 2132 hic
1123 2086 1197 2133 eum
1220 2071 1261 2152 (v.
1288 2069 1344 2156 30)

113 2171 303 2255 alloquitur.
351 2172 474 2238 Tamen
496 2192 536 2239 ex
560 2173 672 2254 primis
689 2175 753 2240 iam
769 2174 918 2240 versibus
936 2181 968 2240 et
985 2193 1024 2241 ex
1040 2174 1148 2257 specie
1165 2175 1345 2259 habituque

114 2279 340 2362 unusquisqne
374 2285 597 2362 spectatorum
621 2279 717 2347 deum
741 2279 949 2364 agnoscebat.
997 2282 1168 2365 (conferas
1192 2283 1346 2352 Wilamo·

112 2453 159 2509 Ex
178 2453 344 2510 Graecorum
362 2453 521 2524 fragmentis
540 2455 625 2511 affero
645 2456 791 2513 Teleclidis
810 2459 844 2514 31
864 2458 955 2528 (Kock
973 2456 987 2512 1
1005 2477 1031 2528 p.
1051 2461 1130 2523 alit:

365 2537 402 2604 ὠς
421 2530 492 2596 orico
508 2544 599 2611 θῆλυς
616 2543 726 2606 εἰκότως
744 2533 839 2610 οὖθαρ
855 2542 939 2612 φέρω.

114 2627 169 2695 Qui
187 2628 240 2682 loci
260 2628 404 2682 maximam
422 2637 527 2699 partem
547 2646 582 2685 ex
600 2631 721 2700 prologis
741 2630 898 2700 deprompti
916 2637 987 2688 suut.

225 2719 234 2752 ¹
253 2719 432 2774 Memorabile
452 2728 495 2775 est
514 2721 620 2774 initium
633 2720 791 2789 Iphigeniae
803 2720 894 2787 Taum,
911 2720 1006 2787 inquo
1024 2718 1105 2777 facile
1118 2722 1262 2791 distinguis
1278 2723 1345 2778 duas

113 2814 210 2877 partes
225 2807 353 2863 diversas.
390 2809 422 2863 In
440 2810 536 2878 prima,
557 2825 625 2877 quae
644 2809 765 2878 pertinet
783 2809 847 2864 inde
866 2826 883 2863 a
901 2826 924 2861 v.
945 2809 960 2863 1
981 2826 1067 2878 usque
1087 2810 1121 2864 ad
1139 2812 1183 2879 41,
1202 2811 1346 2881 Iphigenia

114 2897 276 2965 simpliciter
303 2912 336 2952 ea
363 2897 461 2966 quihus
488 2899 584 2952 nititur
611 2896 722 2954 fabulae
741 2904 929 2966 argumentum
958 2900 1077 2968 exponit,
1101 2901 1140 2954 ita
1164 2908 1194 2955 ut
1220 2903 1278 2956 cius
1304 2902 1345 2957 rei

115 3002 197 3054 quam
216 2985 315 3041 Graeci
342 2978 414 3058 ἦθος
444 2994 543 3042 vocant
570 2987 637 3042 nihil
663 2986 723 3042 fere
749 2990 814 3043 insit
837 2996 864 3043 et
890 2990 1035 3059 prologum
1058 2992 1198 3058 proprium
1217 2992 1345 3046 Latinum

114 3074 211 3130 audire
231 3075 355 3130 videaris.
393 3076 499 3132 Deinde
523 3085 614 3132 autem
634 3077 747 3131 eumad
766 3079 899 3133 somnium
923 3095 975 3146 quo
995 3079 1121 3148 proxima
1139 3088 1221 3136 nocte
1239 3090 1345 3151 perter-

115 3163 171 3218 rita
189 3164 226 3218 sit
244 3165 407 3219 narrandum
428 3172 558 3234 transeat,
577 3167 630 3221 iam
649 3167 753 3235 aliquid
772 3168 824 3223 sihi
842 3167 920 3237 fingit
938 3184 1037 3224 causae
1055 3187 1103 3224 cur
1121 3170 1189 3225 illud
1207 3171 1344 3240 proferat:

115 3252 192 3322 legas
211 3268 306 3308 versus
324 3254 387 3309 inde
406 3270 423 3309 a
440 3257 488 3309 42:

366 3334 384 3394 il
402 3341 483 3396 καινὰ
502 3335 585 3411 δ’ἤκει
603 3341 654 3409 νὺξ
671 3341 794 3411 φέρουσα
811 3343 952 3413 φάσματα,

364 3423 430 3492 λέξω
448 3426 517 3494 πρός
536 3425 638 3495 αἰθέρ’,
657 3428 686 3481 al
698 3447 724 3479 τι
741 3427 775 3496 δὴ
794 3426 852 3482 τόδ’
871 3427 924 3483 ἔστ’
942 3423 1017 3492 duos.

366 3507 437 3576 ἔδοξ’
454 3508 484 3564 ἓν
501 3504 579 3584 όπνῳ
597 3517 653 3565 κτλ.

115 3593 155 3649 Et
172 3609 233 3647 cum
251 3599 332 3647 antea
350 3610 399 3647 cur
410 3595 552 3664 Iphigenia
571 3598 679 3651 omnino
698 3599 726 3669 in
739 3614 865 3653 scaenam
879 3615 1025 3669 progressa
1038 3601 1073 3656 sit
1086 3609 1255 3670 spectatores
1268 3605 1343 3660 nullo

116 3681 197 3737 modo
216 3682 376 3752 intellegere
394 3685 543 3753 potuerint,
572 3686 624 3739 hac
642 3687 696 3740 iarn
715 3687 743 3740 in
761 3696 841 3756 parte
860 3689 926 3742 talia
943 3698 1028 3758 poeta
1045 3692 1136 3759 aliquo
1155 3692 1236 3749 modo
1256 3701 1343 3748 curat.

118 3769 250 3826 Conferas
269 3778 380 3840 praeter
399 3773 488 3827 locum
507 3774 619 3828 allatum
637 3792 731 3831 versus
752 3776 815 3830 inde
833 3792 850 3829 a
869 3776 915 3831 61:

365 3861 416 3914 νῦν
434 3848 484 3913 οὖν
502 3857 610 3934 ἀδελφῷ
628 3861 763 3932 βούλομαι
780 3864 877 3916 δοῦναι
893 3862 960 3931 χοὰς

366 3939 468 3997 όποῦσ’
485 3940 595 4012 όπόντι,
613 3947 702 3999 ταῦτα
719 3945 771 4015 γὰρ
789 3947 935 4015 δυναίμεθ’
954 3943 997 4016 ἄν,

366 4026 417 4081 σὺν
434 4028 638 4097 προσπόλοισιν,
659 4022 692 4092 ἃς
709 4028 787 4098 ἔδωχ’
802 4027 869 4100 ἡμῖν
888 4027 956 4098 ἄναξ

364 4106 525 4182 Ἑλληνίδας
541 4120 682 4182 γυναῖκας.
702 4111 760 4168 ἄλλ’
777 4112 805 4182 ἐξ
823 4119 913 4179 αἰτίας

368 4191 445 4251 οὔπω
463 4199 536 4260 τίνος
555 4198 696 4266 molesmum·
715 4196 766 4268 εἶμ’
785 4203 846 4256 εἴσω
865 4202 957 4270 δόμων

367 4278 396 4335 ἰν
413 4278 467 4335 οἷσι
484 4285 554 4337 ναίω
572 4282 653 4338 τῶνδ’
671 4282 834 4353 οἷνακτόρων
849 4288 929 4348 θεᾶς.

118 4364 286 4435 Quamquam
304 4367 405 4422 misera
422 4369 491 4423 haec
510 4371 599 4425 omniu
619 4387 679 4427 esse
698 4389 778 4427 nemo
797 4372 916 4438 negabit.
936 4405 970 4414 -
990 4375 1094 4429 Similia
1116 4377 1178 4432 aliis
1198 4377 1225 4431 in
1244 4376 1344 4434 fabulis

117 4455 200 4509 statui
226 4463 349 4523 possunt.
388 4457 518 4513 Consonus
546 4459 652 4514 initium
676 4468 704 4514 et
727 4461 875 4515 clausulam
898 4464 1036 4533 soliloquii
1059 4481 1076 4520 a
1099 4481 1152 4533 quo
1176 4467 1344 4523 Phoenissae

116 4543 250 4613 incipiunt
268 4561 330 4599 cum
348 4545 440 4601 media
457 4548 516 4604 eius
534 4556 623 4618 parte.

1225 4658 1257 4709 ld*
