2910 4942
620 260 838 328 „492-

73 524 76 529 ,
114 448 326 538 ιιιιιιιιιᾶίοιι
346 475 475 522 causam
504 455 658 538 proferre¹
686 477 744 523 cur
774 465 1001 540 argumentum
1033 465 1183 550 exponat.
1211 499 1250 509 —-
1279 461 1341 528 Ad-

111 565 239 639 dendus
275 571 326 630 est
355 583 473 646 ,versus
508 583 547 630 ex
571 565 723 631 Plautina
747 567 924 631 Artemone
948 576 1043 649 quem
1068 569 1185 635 Festus
1209 590 1240 652 p.
1266 570 1341 651 305,

112 671 341 739 asservavit:

233 802 310 843 nunc
331 785 404 844 maht
427 785 490 843 licet
512 784 627 858 quidvis
652 786 751 858 loqui:
773 802 854 844 nemo
877 786 923 845 hic
946 787 1026 845 adest
1048 791 1191 858 superstes
1204 784 1223 844 ¹.

112 907 445 973 Animadvertendum
471 916 578 974 autem
604 908 757 990 estquod
781 902 887 974 omnia
911 909 991 975 haec
1008 911 1155 990 exempla
1172 903 1343 975 Menandri

110 1011 260 1093 luerunt,
291 1013 320 1080 si
344 1014 473 1097 quidem
498 1021 588 1081 recte
612 1015 674 1081 viri
698 1016 785 1081 docti
810 1015 1042 1105 Truculentum
1067 1022 1100 1081 et
1124 1014 1344 1081 Cistellariam

113 1139 157 1185 ex
186 1121 282 1186 huius
311 1128 429 1203 poetae
458 1120 575 1188 fabulis
606 1122 736 1188 fluxisse
768 1128 965 1188 statuerunt.
1014 1107 1218 1204 Oum'igitur
1242 1123 1344 1188 ceteri

111 1232 235 1308 poetae
265 1226 401 1294 liberius
427 1229 516 1300 hanc
546 1248 615 1294 rem
647 1229 860 1310 instituerint,
897 1227 1069 1294 Menandri
1093 1227 1153 1292 hoc
1176 1233 1344 1312 proprium

113 1334 218 1399 fuisse
243 1335 381 1416 videtur,
406 1342 443 1402 ut
467 1338 561 1418 quasi
584 1343 756 1402 vereretur
779 1337 862 1403 tales
886 1335 1044 1418 personas
1065 1355 1148 1418 quae
1169 1340 1279 1404 statim
1304 1341 1345 1406 ad

113 1428 322 1522 spectatores
353 1461 388 1508 se
418 1426 646 1509 converterent
675 1443 708 1508 in
740 1454 888 1510 scaenam
920 1445 1110 1525 producere.
1159 1444 1249 1521 Quod
1274 1464 1345 1512 cum

114 1547 158 1613 iis
180 1567 262 1630 quae
279 1569 379 1632 supra
399 1551 439 1616 de
456 1535 626 1618 Menandri
643 1550 875 1617 consuetudine
893 1550 1031 1616 diximus
1049 1551 1169 1632 optime
1182 1553 1344 1634 'congruit

226 1772 298 1838 Alia
322 1772 496 1839 difficultas
523 1772 598 1839 hnic
622 1772 834 1854 expositionis
859 1773 982 1863 generi,
1008 1773 1039 1837 in
1060 1791 1123 1854 qno
1141 1781 1346 1854 spectatores

117 1876 160 1943 ab
192 1879 301 1962 aliquo
333 1881 461 1946 homine
485 1899 562 1946 vere
586 1899 694 1946 secum
719 1881 789 1962 ipso
812 1880 977 1963 loquente,
1014 1899 1077 1944 non
1100 1889 1268 1960 narrante,
1307 1885 1346 1950 de

118 1991 313 2067 argumento
344 1984 501 2053 certiores
518 1985 615 2066 liant,
648 1989 722 2052 inde
746 1988 901 2080 nascitur,
933 1987 1018 2068 quod
1043 2006 1141 2068 saepe
1164 2006 1227 2052 non
1252 1987 1347 2065 facile

118 2092 191 2159 fieri
222 2099 342 2175 potest,
377 2098 414 2158 ut
445 2093 498 2159 ille
531 2094 612 2160 satis
637 2101 713 2176 apte
738 2113 800 2176 quo
825 2094 894 2160 loco
918 2113 972 2159 res
997 2095 1051 2175 agi
1078 2096 1243 2175 putandae
1271 2097 1347 2175 sint,

120 2201 207 2283 quod
238 2219 331 2266 suum
360 2202 463 2283 ipsius
494 2221 610 2268 nomen
642 2203 694 2278 sit,
731 2202 812 2266 alias
843 2201 940 2265 huius
965 2202 1094 2281 generis
1118 2221 1172 2267 res
1198 2211 1346 2284 exponat.

121 2307 223 2384 Quam
248 2310 288 2374 ad
314 2308 382 2374 rem
398 2310 532 2392 propius
550 2310 751 2388 accedamus,
776 2310 823 2373 ita
839 2314 948 2373 tamen
965 2312 1000 2372 ut
1018 2309 1058 2374 de
1073 2309 1211 2375 nominis
1229 2312 1349 2375 solum·

120 2416 215 2481 modo
240 2417 543 2487 commemoratione
569 2401 825 2498 ›nuncagamus
867 2413 1037 2482 ¹Proficisci
1062 2422 1170 2481 autem
1195 2416 1274 2481 utile
1299 2424 1350 2482 est

120 2542 185 2588 non
216 2544 234 2588 a
259 2525 432 2604 comoedia,
458 2526 515 2591 sed
540 2524 580 2592 ab
606 2526 772 2608 Euripide,
794 2524 883 2590 cuius
911 2543 949 2589 ex
973 2522 1152 2603 tragoediis
1177 2522 1350 2604 plurimum

120 2633 184 2698 hac
207 2631 246 2697 de
270 2652 307 2697 re
331 2632 492 2698 discimus.
531 2632 591 2696 De*
605 2631 770 2712 Euripidis
796 2651 856 2696 usu
873 2630 1092 2721 Arnimiuslin
1110 2629 1349 2696 dissertationis

121 2741 172 2806 De
203 2741 411 2821 prologorum
436 2739 688 2820 Euripideorum
719 2738 791 2804 arte
816 2745 849 2804 et
872 2737 1122 2819 interpolatione
1146 2756 1177 2817 p.
1202 2737 1243 2802 82
1268 2736 1351 2801 hanc

120 2845 228 2927 legem
252 2846 387 2912 statuit:
419 2843 460 2910 ‘in
488 2846 535 2912 eis
559 2842 679 2935 fabulis
710 2847 858 2911 omnibus
884 2863 966 2928 quae
991 2853 1066 2939 ante
1090 2843 1230 2910 Siculam
1255 2863 1351 2925 expe·

122 2942 279 3017 ditionem
303 2958 396 3018 actae
419 2958 497 3018 sunt
519 2953 634 3034 primis
650 2954 760 3018 statim
785 2953 933 3018 versibus
948 2969 1099 3033 persona
1122 2950 1351 3036 προλογιζουσα

123 3078 210 3142 quae
233 3059 276 3124 sit
293 3056 470 3139 significat:
495 3058 773 3139 neglegentiorem
797 3059 835 3124 se
857 3058 961 3140 gessit
977 3059 1152 3140 Euripides
1176 3063 1208 3124 in
1233 3058 1351 3123 fabulis

123 3185 206 3250 quas
237 3172 312 3248 post
340 3165 429 3231 illam
459 3164 611 3248 scripsit?
657 3166 746 3243 Quae
769 3174 859 3232 recte
883 3164 1058 3232 observata
1081 3172 1166 3231 sunt.
1213 3165 1276 3231 Sed
1300 3183 1352 3229 co·

123 3274 241 3340 haeret
265 3273 346 3340 haec
369 3293 424 3339 res
450 3293 521 3339 cum
552 3274 625 3338 aliass
673 3275 839 3341 Neminem
869 3273 984 3356 fugere
1015 3274 1121 3354 potuit
1144 3272 1241 3338 etiam
1266 3273 1353 3337 inter

124 3383 213 3464 ipsos
230 3381 396 3465 Euripidis
420 3378 573 3464 prologos
598 3382 798 3464 aliquantum
822 3382 909 3446 illius
935 3379 1128 3446 discriminis
1147 3380 1353 3446 intercedere

125 3489 167 3554 de
192 3508 254 3571 quo
278 3495 375 3556 antea
397 3487 498 3555 verba
521 3487 665 3555 lecimus.
713 3489 793 3554 Cum
816 3476 901 3554 enim
924 3489 957 3553 in
989 3486 1195 3552 exordiorum
1219 3492 1312 3567 parte
1337 3487 1353 3549 ὁ

124 3595 319 3681 προλογίζων
335 3616 398 3662 non
422 3614 461 3661 ea
485 3615 568 3679 quae
592 3615 663 3660 cum
688 3595 785 3660 animi
805 3594 994 3661 condicione
1018 3600 1116 3676 atque
1138 3592 1255 3659 affectu
1280 3613 1353 3659 con-

126 3710 257 3784 gruant,
282 3705 340 3770 sad
364 3705 470 3769 omnia
494 3701 612 3785 quibus
636 3703 677 3768 ad
701 3722 770 3769 rem
793 3701 1171 3784 probe'intellegendam
1200 3719 1280 3782 opus
1312 3701 1354 3765 sit

170 3920 174 3929 “
236 3915 245 3945 ¹
265 3912 433 3981 Quamquam
451 3899 531 3968 valde
556 3912 667 3967 dubium
686 3917 728 3967 est
747 3929 810 3966 num
829 3919 893 3967 ante
912 3912 1065 3980 argumenti
1083 3912 1268 3966 narrationem
1286 3913 1355 3966 haec

127 4003 220 4073 posita
246 4001 355 4057 fuerint.
393 4004 518 4070 Apparet
546 4002 616 4056 enim
644 4002 672 4054 in
701 4001 817 4055 cuiusvis
844 3987 983 4067 soliloquii
1007 4001 1084 4055 initio
1108 4007 1182 4056 recte
1206 4001 1273 4054 talia
1290 4002 1356 4071 poni

127 4109 217 4163 posse.
254 4093 329 4147 ldem
357 4093 429 4147 cadit
456 4093 483 4151 in
511 4093 600 4147 locum
619 4091 753 4147 Graecum
777 4090 867 4162 (Koclx
885 4090 1045 4159 Adespoton
1064 4091 1136 4162 104),
1164 4091 1241 4145 cuius
1260 4105 1355 4144 versus

127 4185 236 4252 priores
255 4183 384 4238 simillimi
403 4188 481 4236 sunt:
1095 4204 1097 4208 ⁸

386 4261 389 4265 ’
430 4266 528 4337 ἐρημία
545 4265 596 4337 μέν
613 4265 676 4335 ἔστι,
695 4265 763 4321 noda
782 4264 930 4321 ἀκούσεται

428 4352 518 4415 οὕόιὶς
535 4352 632 4421 παρών
648 4372 701 4420 μου
719 4354 773 4406 τῶν
791 4351 878 4420 λόγων
896 4342 935 4404 ὦν
953 4344 989 4404 ἂν
1006 4349 1080 4419 λέγω.

130 4459 209 4515 Addo
227 4460 370 4514 Plautinae
388 4458 519 4532 Pseudoli
539 4476 562 4511 ι.
584 4457 652 4514 394:

432 4555 569 4617 maccam
586 4548 628 4602 dle
645 4547 706 4601 hinc
723 4547 796 4614 adiit,
814 4552 844 4600 tu
862 4553 935 4601 astos
951 4545 1029 4614 solus,
1049 4546 1185 4601 Pseudolo.
1352 4598 1431 4652 1-

1258 4649 1281 4694 δι
