2910 4942
677 225 900 291 ..50-

177 420 334 503 proferat,
360 426 393 487 et
416 440 610 504 quamquam
634 441 697 486 non
722 421 811 504 ipsos
836 428 1039 503 spectatores
1063 422 1253 505 alloquitur
1263 421 1286 503 ¹,
1310 429 1405 490 tamen

176 548 286 593 eorum
304 547 403 593 causo
418 526 519 594 verba
535 529 642 607 faciat,
662 532 709 595 ita
725 536 761 596 ut
777 531 809 597 lri
826 531 954 613 prologi
970 551 1033 597 non
1050 533 1188 598 multum
1207 533 1279 598 iam
1296 531 1407 597 distant

176 633 216 700 ab
236 635 461 717 Aristophanis
479 637 631 718 Equitum
650 639 831 720 vesparum
855 639 928 705 aliis
950 641 1104 722 prologis,
1130 640 1208 705 aliis
1235 642 1270 704 in
1287 637 1407 717 fabulis,

284 852 293 883 ¹
311 850 373 905 Non
396 849 494 903 desunt
519 847 547 901 iu
566 848 707 918 tragoedia
726 849 779 903 loci
798 849 897 919 quibus
921 851 1002 919 plane
1022 851 1057 906 ad
1076 852 1251 906 comicorum
1272 856 1406 907 consuetu·

176 940 266 996 dinem
284 946 367 1009 poeta
386 939 542 994 descendat.
571 939 616 992 Sic
634 939 662 992 in
674 939 740 994 Eur.
754 939 799 996 Or.
814 940 878 995 inde
897 956 914 995 a
931 958 955 994 r.
970 941 1022 996 128
1034 941 1148 997 Electra
1161 941 1196 996 de
1211 941 1406 1010 Helenaque

175 1030 256 1086 modo
275 1030 351 1097 abiit,
370 1027 538 1084 haecdicit:

424 1116 508 1168 εἴδετε
526 1111 591 1183 παρ’
608 1108 693 1182 ἄκρας
712 1110 748 1176 οἱς
767 1111 917 1182 ἀπέθρισεν
934 1115 1033 1183 τρίχας,

426 1199 550 1264 σώζουσα
567 1199 681 1263 nattum,-
700 1198 754 1254 ἔστι
773 1198 799 1254 δ’
815 1194 832 1269 ἦ
851 1199 936 1253 πάλαι
953 1200 1032 1269 γονή.
1059 1228 1089 1242 -

424 1285 490 1338 θεοί
506 1301 535 1338 σε
552 1283 704 1352 μισήσειαν,
723 1278 759 1346 ὅς
775 1281 948 1352 μὀἔπώλεσοις
964 1289 1019 1338 κτλ.

158 1373 160 1377 ’
175 1377 290 1430 Praeter
307 1372 395 1440 ipsam
412 1371 551 1426 Electram
571 1378 599 1426 et
617 1370 729 1427 fratrem
747 1371 926 1427 dormientem
945 1387 1024 1427 nemo
1043 1372 1071 1427 in
1089 1387 1192 1427 scaena
1204 1372 1300 1429 adest.
1329 1372 1405 1428 Iltiu

175 1463 235 1531 Iph.
255 1461 337 1516 Taur.
356 1477 381 1514 r.
400 1459 470 1513 1289
488 1461 600 1515 nuntius
620 1460 655 1515 de
674 1461 757 1516 choro
776 1461 844 1515 haec
862 1459 985 1529 profert:

425 1543 510 1614 ὁρᾶτ’,
530 1541 645 1600 ἄπιστον
664 1542 700 1608 (ὃς
717 1553 871 1614 γυναικεῖον
887 1545 974 1617 γένος,

423 1632 532 1703 μέτεστί
547 1632 579 1688 θ’
596 1631 661 1702 ὑμῖν
671 1636 734 1687 ’τῶν
751 1630 946 1702 πεπραγμένων
963 1632 1052 1702 μέρος.

176 1723 263 1778 Simili
282 1718 389 1776 dicendi
407 1735 507 1790 genere
524 1721 612 1775 utitur
624 1723 671 1777 Ar.
690 1720 719 1774 in
738 1720 814 1787 Ach.‚
834 1719 881 1774 ubi
900 1719 928 1773 in
947 1719 1069 1776 diverbio
1083 1719 1156 1774 inter
1169 1717 1366 1790 Dicaeopolim
1381 1725 1405 1773 at

175 1815 362 1882 Megareuscm
381 1812 449 1865 haec
467 1809 582 1878 legimus
601 1811 665 1879 (769
685 1809 751 1878 sq.):

424 1890 442 1965 ἢ
461 1893 495 1950 οιῗ
511 1896 603 1964 χοῖρός
621 1893 681 1950 ἐσθ’
699 1890 758 1959 ἅδ’,·
776 1927 811 1936 -
828 1891 878 1949 οὐκ
896 1892 986 1963 ἔμοιγε
1003 1896 1139 1963 φαίνεται.

376 2012 410 2022 -·-
428 1979 461 2035 οὐ
480 1983 571 2046 δεινάς
588 1983 684 2035 θᾶσθε
702 1983 782 2036 τοῦδε
800 1980 849 2043 τὰς
867 1977 1003 2040 α’πιστίας·

425 2061 460 2121 οὔ
477 2087 544 2135 φατι
561 2067 643 2120 τάνδε
660 2072 754 2134 χοῖρον
770 2055 847 2136 ἦμεν.
867 2063 936 2119 α’λλὰ
952 2064 1018 2133 μάν,

425 2152 457 2204 αἰ
473 2153 529 2222 λῇς,
549 2153 662 2220 περίδου
679 2170 726 2218 μοι
745 2155 799 2205 acl.

177 2247 204 2294 et
222 2240 250 2293 in
267 2241 317 2293 Ar.
339 2237 408 2292 1208
427 2252 476 2305 sq„
495 2236 541 2291 ubi
559 2252 605 2291 res
623 2237 713 2304 agitur
731 2236 803 2290 inter
820 2234 1007 2289 Pithetaerum
1028 2239 1056 2288 et
1073 2233 1154 2288 Irim:

677 2321 748 2376 κατὰ
767 2323 850 2384 ποίας
868 2320 956 2383 πύλας

425 2407 553 2477 εἰσῆλθες
570 2407 608 2469 εἰς
625 2404 657 2460 τὸ
676 2413 771 2475 τεῖχος,
790 2395 813 2461 αἶ
828 2404 1002 2475 μιαρωτάτης

374 2524 409 2532 -
426 2489 476 2546 οὐκ
494 2489 558 2546 οἶδα
574 2491 614 2559 μὰ
632 2489 678 2544 Δί’
695 2489 776 2560 ἔγωγε
793 2491 864 2544 κατὰ
883 2492 966 2552 ποίας
983 2490 1079 2553 πύλας.

375 2610 409 2617 -
426 2572 545 2646 ἤκουσας
563 2573 649 2644 αὐτῆς
667 2573 727 2630 οἷον
745 2575 932 2645 εἰρωνεύεται,Ι

426 2661 496 2731 πρὸς
512 2659 578 2723 τούς
596 2661 775 2730 κολοιάρχονς
792 2660 962 2730 προσῆλθεςς

174 2755 219 2809 Ex
236 2755 325 2810 Plaut.
345 2751 439 2806 Sticho
459 2749 542 2804 affero
562 2767 585 2802 v.
606 2747 668 2803 inde
687 2764 704 2803 a
722 2749 791 2803 408:

423 2859 487 2896 οαοι
504 2843 559 2895 iam
576 2838 751 2908 Aotmhonem
770 2839 878 2893 conveni
894 2837 1008 2907 οάβνινο
1025 2853 1119 2906 meum,

424 2946 532 2999 ιιινιρια
549 2943 578 2981 eo
596 2927 686 2982 reveni
702 2942 734 2982 ea
751 2927 889 2982 inimicitia
906 2929 935 2981 a'a
951 2928 1074 2996 pretium.

423 3018 505 3072 oedem
521 3031 625 3085 quaeso,
643 3014 708 3083 poio
721 3019 807 3081 potest
820 3015 944 3081 pecunia

176 3111 271 3166 Simile
289 3108 375 3177 frigus
395 3114 477 3174 atque
498 3104 603 3159 Orestis
621 3103 683 3156 loco
703 3102 736 3156 iis
754 3103 826 3157 inest
844 3104 960 3169 quaein
979 3104 1085 3159 Helena
1102 3103 1199 3158 fabula
1219 3105 1286 3174 ipsa
1304 3121 1411 3176 quoque

175 3199 337 3268 posterioris
356 3196 455 3251 aetatis
474 3194 616 3248 Menelaus
635 3189 742 3260 profert
760 3191 788 3244 in
805 3208 829 3248 v.
849 3192 902 3246 420
920 3208 975 3260 σοι

424 3282 503 3350 χρεία
521 3277 550 3334 δὲ
568 3282 648 3346 τείρει
665 3275 702 3346 μ’·
720 3271 783 3332 οὔτε
801 3275 852 3347 γὰρ
870 3285 944 3342 σῖτος
962 3280 1039 3348 παρα

424 3362 482 3421 οὔτ’
500 3362 571 3433 cippi
588 3363 667 3433 χρῶτ’
685 3361 807 3432 ἐσθῆτες·
826 3361 898 3418 αὐτὰ
915 3362 940 3420 δ’
958 3364 1064 3420 εἰκάσαι

424 3450 536 3519 πάρεστι
554 3448 622 3510 ναὸς
640 3445 728 3518 ἕκβο1’
746 3445 786 3510 οἷς
806 3447 984 3519 α’μπίσχομαι,

176 3543 333 3611 quibuscum
353 3536 478 3593 conteras
496 3536 585 3592 Plaut.
604 3534 674 3588 Rud.
694 3551 719 3587 v.
738 3534 804 3588 293:

423 3644 471 3682 uos
488 3629 543 3681 ιὀνι
561 3627 593 3681 de
610 3633 707 3681 oruata
721 3625 910 3696 propemodum
928 3631 958 3682 at
975 3625 1111 3694 locupletes
1128 3625 1212 3679 amas
1229 3625 1316 3682 soce.

174 3720 258 3775 Poen.
278 3736 302 3771 r.
322 3719 355 3772 91
376 3735 432 3786 sq.:

423 3813 518 3863 vounct
535 3823 607 3862 οννο
620 3805 704 3874 facite
723 3805 897 3860 coniecturam
915 3811 1035 3873 comum,

132 3957 134 3960 Α
423 3899 487 3967 quid
504 3898 533 3952 id
550 3897 585 3952 sit
602 3894 722 3963 luminis
741 3895 803 3962 quoa·
818 3893 891 3963 Lyco
908 3909 1002 3949 nomen
1019 3895 1073 3948 siet

175 3989 255 4042 Truc.
275 4005 299 4041 r.
318 3987 378 4054 463,
398 3988 465 4040 464:

423 4082 518 4131 vocaret
535 4076 591 4130 ιὀιο
610 4073 701 4129 vidctis
718 4089 758 4125 me
775 4077 805 4126 oc
822 4076 919 4126 ornato
936 4072 1044 4126 incedo:

419 4164 559 4231 puerperae
577 4176 621 4232 epo
639 4177 711 4214 uuae
728 4160 787 4214 med
804 4176 857 4214 ease
875 4175 980 4228 oeprom
999 4160 1138 4216 οᾱσίιονῐο.

174 4254 259 4307 Merc.
279 4270 303 4305 v.
323 4250 375 4305 102
395 4267 448 4318 sq.:

423 4358 454 4395 eo
472 4346 544 4396 nocte
561 4357 661 4395 mecum
678 4341 725 4395 clla
744 4340 863 4411 (mulier)
882 4339 989 4408 hospita
1006 4339 1080 4394 ιἰισοιι
1093 4338 1157 4409 ficit.

424 4438 517 4487 ooooec
534 4431 624 4500 odae,
642 4447 722 4500 quom
740 4431 807 4486 maloi
821 4431 898 4485 valde
912 4429 1058 4499 placuerat:

416 4522 545 4591 muodo
562 4522 685 4591 lmapc'tem
704 4521 778 4590 edm,
796 4535 842 4575 oro
859 4524 889 4575 oa
906 4519 1003 4574 condat
1019 4517 1092 4573 mdia
