2910 4942
565 200 697 320 ..4¹45
743 270 785 304 .’..

59 445 231 517 Menandri
248 449 311 532 frg.
330 431 593 531 739,.'Misumeni
608 448 745 530 initium,
771 449 885 516 deinde
900 445 1068 516 exordium
1086 447 1285 538 Truculenti

58 575 145 640 quae
168 557 279 624 fabula
302 557 375 640 ipsa
399 577 527 640 quoque
550 558 722 624 Menandri
748 557 900 640 exemplo
917 558 977 624 niti
1001 577 1020 624 a
1044 558 1206 624 nonnullis
1229 577 1288 640 pu-

56 671 161 747 tatur,
185 669 323 735 aliorum
346 675 518 751 poctarum
542 674 580 735 ut
594 668 725 733 videtur
743 665 852 732 Alexis
868 663 930 747 frg.
949 665 991 730 89
1009 665 1042 730 et
1059 664 1139 729 148⁴<
1167 665 1295 732 Contra⁴

57 791 171 840 omnes
195 774 266 840 iere
288 781 406 857 poetae
431 780 464 840 et
488 773 614 839 mediae
636 779 669 838 et
685 790 786 836 novae
803 771 988 837 comoediae
1004 770 1141 838 alterius
1158 773 1288 854 generis

57 880 208 961 exempla
243 879 414 946 exhibent:
452 881 514 946 huc
549 873 693 961 pertinet
714 879 923 961 ¹Antiphanis
959 879 1178 962 fragmentum
1214 881 1287 960 168,

55 981 179 1049 Eubuli
204 985 256 1065 88,
282 986 425 1052 Alexidis
444 985 518 1065 108,
544 985 715 1067 Theophili
734 986 784 1064 12,
809 984 1027 1052 Philemonis¹
1052 988 1177 1053 initium
1202 989 1288 1070 quod

55 1108 99 1154 ex
132 1089 283 1155 Plautina
315 1090 501 1156 Mercatore
533 1091 690 1169 novimus,
724 1091 891 1173 Posidippi
924 1092 986 1175 lrg.
1018 1095 1288 1174 nutscellense
1339 1171 1341 1179 η

54 1213 178 1262 scaeua
201 1197 243 1276 ΙΙ,
268 1216 333 1279 qua
348 1198 381 1262 in
404 1197 516 1264 fabula
538 1199 611 1280 ipsa
628 1200 908 1281 quoquePlautus
924 1203 1138 1267 Menandrum
1156 1207 1288 1268 secutus

56 1321 134 1369 esse
163 1305 302 1382 ridetur,
336 1305 454 1371 incerti
483 1312 600 1387 poetae
630 1304 742 1372 fabula
770 1326 853 1389 quae
885 1301 1065 1390 exemplum
1096 1308 1161 1375 fuit
1190 1309 1288 1375 Plau·

10 1395 14 1405 ’
54 1409 149 1476 tinae
171 1411 285 1481 Militis
304 1413 447 1493 gloriosi.
493 1413 800 1494 (Tragicomoedias
837 1433 976 1497 quarum
1000 1434 1098 1482 causa
1122 1417 1288 1499 aliquanto

55 1516 190 1584 diversa
222 1526 283 1599 est,
316 1538 400 1585 nuno
434 1521 686 1604 praetermitto).
742 1520 928 1588 Profectum
967 1528 1075 1593 autem
1112 1530 1163 1590 est
1196 1524 1288 1606 prius

54 1624 139 1690 illud
163 1644 274 1707 genus,
299 1627 396 1708 quod,
421 1629 448 1692 si
472 1646 511 1693 ex
534 1627 585 1694 his
608 1628 689 1694 locis
713 1627 836 1710 aliquid
860 1629 1053 1694 concludere
1076 1631 1163 1711 licet,
1195 1631 1287 1695 Men-

56 1732 162 1798 andro
185 1734 362 1816 praecipue
385 1734 516 1816 placuit,
553 1735 623 1800 sine
647 1734 712 1800 ullo
736 1735 834 1800 dubio
860 1755 899 1801 ex
922 1735 1065 1817 prologis
1092 1736 1287 1818 Euripideis,

56 1841 199 1905 alterum
223 1860 264 1906 ex
287 1842 452 1908 comoedia
476 1842 619 1924 antiqua.
666 1841 822 1909 Conferas
847 1843 1002 1925 Equitum
1027 1862 1055 1910 v.
1080 1843 1122 1908 36
1147 1862 1212 1926 sq.:

273 1946 376 2033 βούλει
399 1950 434 2012 τό
455 1958 586 2041 πρᾶγμα
609 1959 672 2026 τοῖς
695 1949 858 2040 θεαταῖσιν
882 1949 1010 2036 φράσω
1097 1984 1099 1989 =

187 2054 248 2119 40:
273 2054 391 2142 λέγοιμ’
413 2058 451 2121 ἂν
475 2057 546 2143 ἤδη,

57 2177 157 2259 Vesp.
181 2197 210 2244 v.
236 2176 295 2244 54:
520 2195 522 2199 ’
608 2261 612 2270 ¹

272 2281 347 2367 φέρε
369 2291 422 2348 νῦν
446 2283 587 2371 κατείπω
610 2292 673 2360 τοῖς
696 2283 827 2362 θεαταῖς
850 2289 902 2352 τόν
927 2288 1032 2374 λόγον,

58 2406 104 2472 86
128 2427 192 2490 sq.:
514 2473 515 2478 ,

273 2519 299 2581 εἰ
323 2516 361 2603 δὴ
386 2516 706 2602 ὲπιόυμεῖτίεἰδὲναι,
729 2523 839 2607 σιγοῖτεΙ
861 2528 924 2585 νῦν.

74 2670 79 2690 .
132 2674 135 2679 -
221 2681 223 2685 ,
272 2627 389 2710 φράσω-
405 2628 466 2711 γὰρ
489 2625 550 2712 ἤδη
574 2629 629 2711 τὴν
654 2626 743 2692 νόσον
765 2635 819 2690 τοῦ
843 2627 1004 2707 δεσπότου,

57 2729 151 2796 Pacis
174 2750 289 2798 versus
313 2733 387 2798 inde
411 2750 431 2796 a
454 2731 507 2796 50.
624 2809 626 2812 Α
1149 2801 1151 2805 ,

104 2841 108 2847 ’
166 2855 231 2924 Sed
255 2875 375 2938 operae
398 2856 540 2939 pretium
565 2862 615 2921 est
645 2857 742 2938 paulo
774 2857 896 2924 diutius
919 2858 975 2924 illo
999 2857 1033 2922 in
1057 2877 1177 2940 genere
1201 2860 1291 2942 quod

58 2963 101 3029 ab
125 2963 282 3045 Euripide
314 2964 495 3046 proiectum
528 2982 601 3030 esse
633 2965 771 3030 diximus
803 2967 943 3031 morari:
991 2966 1036 3032 Ut
1068 2966 1154 3032 enim
1186 2968 1287 3034 multo

58 3069 227 3151 pulchrius
251 3081 285 3137 et
308 3072 398 3154 poesi
422 3073 602 3138 dramatico
617 3072 747 3152 dignius
764 3092 837 3139 esse
853 3079 1002 3155 apparet,
1026 3073 1073 3138 ita
1089 3092 1151 3138 non
1168 3071 1302 3155 parvas

57 3179 92 3243 in
115 3196 152 3242 se
176 3177 276 3245 habet
298 3178 517 3246 difficultates.
563 3179 646 3245 Nam
665 3179 807 3261 pslmum
830 3180 961 3262 quidem
975 3198 1082 3261 saepe
1106 3199 1169 3246 non
1192 3178 1294 3246 facile¹

58 3290 134 3350 erat
166 3286 246 3352 satis
278 3287 417 3352 idoneas
445 3286 591 3352 invenire
625 3301 740 3352 causas
771 3285 888 3369 quibus
920 3284 1098 3352 commotae
1126 3305 1288 3368 personae

58 3389 136 3454 illae
160 3388 401 3480 προλογίζουσαι
424 3411 532 3458 secum
556 3393 647 3475 ipsae
667 3394 890 3475 loquerentur.
927 3394 1103 3460 Videamus
1128 3395 1286 3476 quomodo

58 3502 178 3578 poetae
209 3499 272 3581 illi
290 3498 383 3566 hano·
405 3518 475 3567 rem
508 3501 722 3567 instituerint.
758 3501 806 3591 >ln
838 3501 941 3583 ipsius
972 3500 1150 3582 Euripidis
1171 3501 1293 3567 Medea>

58 3606 269 3687 paedagogus
300 3605 460 3672 nutricem
489 3604 564 3670 inde
595 3625 615 3671 a
638 3626 666 3670 v.
691 3604 735 3670 50
765 3606 849 3671 hunc
877 3605 911 3671 in
934 3606 1063 3672 modum
1086 3609 1287 3690 interrogat:

132 3734 134 3739 ’
188 3778 190 3784 ,
243 3711 300 3776 ’τί
324 3714 400 3797 πρὸς
423 3711 550 3776 πύλαισι
574 3710 659 3799 τήνδ’
682 3710 789 3799 ἄγουσ’
812 3713 941 3799 ἐρημίαν

268 3820 416 3909 ἕστηκας,
441 3821 519 3905 αὐτη
544 3819 700 3906 θρεομένη
723 3831 823 3910 σαυτη
846 3820 952 3902 κακά;

59 3943 237 4024 respondet
259 3944 317 4009 illa
339 3964 368 4008 v.
395 3942 454 4011 56:

272 4051 335 4137 ἐγὼ
357 4054 418 4137 γὰρ
441 4053 483 4129 εἰς
506 4049 587 4116 τοῦτ’
610 4050 756 4139 ἐκβέβηκ’
778 4052 961 4140 ἀλγηδόνος,

168 4264 177 4296 ¹
195 4263 374 4319 Memorabile
393 4264 527 4334 estquod
546 4280 708 4334 quamquam
728 4265 851 4320 omnibus
870 4264 930 4321 fera
949 4265 1048 4320 ceteris
1067 4264 1096 4319 in
1113 4264 1195 4320 rebus
1213 4265 1286 4321 Mer-

58 4353 161 4409 catoris
181 4361 208 4409 et
227 4353 387 4410 Truculenti
406 4355 490 4410 initiis
508 4370 613 4410 summa
631 4363 674 4412 est
693 4356 849 4425 similitudo,
875 4363 966 4411 tamen
983 4357 1048 4411 huic
1066 4355 1205 4425 praecedit
1223 4372 1286 4425 pro·

58 4443 137 4512 ligus
162 4444 298 4513 proprius,
325 4445 366 4499 illi
391 4447 446 4500 no'n
470 4445 617 4514 praecedit.
663 4447 769 4516 Nempe
795 4446 958 4502 Mercatoris
988 4461 1088 4501 scaena
1112 4446 1201 4514 prima
1227 4445 1289 4514 ipsa

58 4531 201 4591 videbatur
219 4533 348 4603 prologus
368 4549 437 4602 csse,
455 4533 616 4590 Truculenti
634 4535 713 4603 quasi
730 4534 841 4590 fabulae
858 4550 924 4604 pars
942 4541 1010 4592 erat.
1267 4530 1269 4534 ’
