2910 4942
611 152 829 228 *30*

214 353 279 422 Sed
310 357 350 421 ad
374 358 462 422 aliud
487 354 544 422 nos
569 377 671 439 genus
696 365 933 436 convertamus
967 355 1052 439 quod
1078 364 1116 422 ut
1142 355 1279 422 facilius
1300 353 1340 422 ιιι

107 463 212 529 minus
242 465 290 529 rei
322 471 433 546 aptum
464 465 569 546 ipsum
601 483 729 546 quoque
761 463 996 529 creberrimum
1027 471 1089 531 est.
1139 465 1340 546 Saepissime

108 572 191 637 enim
215 578 332 653 poetae
356 592 425 638 rem
449 574 495 638 ita
519 572 613 638 instit
599 579 703 652 ιιιιιιιι
729 572 814 637 utin
753 570 960 638 tfabulee
977 571 1069 636 initio
1087 589 1157 636 una
1174 572 1250 638 sola
1273 591 1342 654 per·

108 696 187 742 sons
219 677 252 742 in
283 697 432 744 scaenam
466 679 613 761 prodeat
650 678 741 744 cuius
766 698 804 744 er
829 678 1000 761 soliloquio
1027 684 1244 760 spectatores
1269 678 1343 761 quid

106 784 153 848 rei
178 785 221 851 sit
244 784 387 856 audiant.
425 785 514 851 Haec
537 791 647 851 autem
670 804 813 867 persona
836 793 894 851 aut
908 787 955 851 its
971 792 1206 867 argumentum
1225 786 1343 866 prodit,

107 899 144 958 ut
167 912 274 958 secum
305 892 378 974 ipsa
408 893 545 975 colloqui
569 891 720 958 videatur
744 898 777 958 et
801 891 901 957 verbs
925 911 1010 974 quae
1032 891 1133 958 faciet
1160 892 1344 958 condicioni

107 1000 321 1082 partibusque
346 1018 427 1082 quas
451 998 522 1080 ipsa
546 1005 623 1077 agat
647 1006 867 1065 consentanee
890 997 966 1078 sint,
998 1006 1055 1065 out
1078 999 1282 1082 simpliciter
1306 1003 1344 1067 ad

106 1113 310 1190 spectatores
342 1125 498 1172 conversa
528 1125 598 1172 rem
628 1109 769 1188 exponit.
817 1106 887 1171 Hoc
911 1105 939 1170 si
963 1102 1000 1170 fit
1022 1124 1164 1186 persona
1189 1105 1250 1171 illa
1275 1108 1341 1190 pri-

108 1225 194 1279 mum
224 1215 351 1296 prologi
382 1215 507 1295 proprii
540 1214 595 1296 qui
625 1213 745 1279 dicitur
777 1211 882 1278 officio
915 1210 1073 1293 fungitur,
1109 1212 1235 1278 deinde
1267 1232 1343 1280 sues

107 1319 210 1400 ipsius
239 1318 272 1382 in
302 1316 415 1383 fabula
437 1323 513 1398 pert
514 1336 550 1383 es
579 1319 722 1400 suscipit
700 1319 837 1384 Ntos
869 1325 982 1384 autem
1003 1319 1049 1384 sic
1076 1321 1342 1402 progrediamur

108 1432 145 1491 ut
173 1445 256 1492 nunc
279 1427 367 1490 inter
396 1424 458 1489 duo
490 1424 570 1491 haec
594 1445 725 1507 genera,
752 1444 836 1508 quae
860 1427 992 1507 saepius
1017 1444 1037 1491 ι
1060 1428 1166 1553 poetis
1193 1427 1287 1494 inter
1309 1446 1344 1492 se

108 1531 307 1598 confundunt
293 1538 358 1610 tur,
383 1550 445 1596 non
469 1531 591 1597 ιιιιισ
522 1539 718 1615 troguamus

215 1639 310 1721 Apud
334 1639 493 1719 Plautum,
518 1646 555 1705 ut
541 1640 629 1706 thic
653 1658 781 1723 quoque
805 1640 940 1706 acertis
965 1638 1223 1722 proficiscamur,
1250 1645 1344 1726 quin·

109 1766 171 1830 que
194 1747 287 1812 huius
312 1747 441 1826 generis
466 1749 613 1829 exempla
636 1754 827 1814 occurrunt:
851 1750 885 1814 in
909 1750 1023 1831 Amph.
1045 1749 1125 1815 Cist.
1142 1750 1247 1816 More.
1273 1751 1340 1818 Mil.

109 1855 205 1921 'fruc
230 1856 422 1920 Mercatoris
445 1855 506 1921 hoc
529 1862 580 1922 est
603 1856 815 1939 principium:

271 1967 357 2025 Duas
379 1983 426 2025 res
449 1968 536 2026 simet
558 1985 636 2025 ιιιιιιο
659 1987 741 2042 apere
764 1968 932 2027 decretumst
954 1967 1043 2025 milri:

269 2079 295 2132 et
318 2080 515 2148 arpemeatom
538 2080 564 2134 ct
584 2093 661 2134 meos
685 2093 797 2134 amores
820 2076 945 2148 eloquor.

100 2179 178 2252 *lam
202 2181 351 2261 sequitur
371 2186 607 2261 argumentum.
644 2179 801 2245 Similiter
826 2199 860 2245 se
877 2177 977 2244 habet
993 2178 1184 2244 Truculenti
1201 2177 1342 2244 initium.

110 2288 160 2353 Ct
184 2308 211 2353 v.
238 2289 255 2352 1
281 2307 328 2370 sq.
353 2289 416 2370 (ed.
443 2286 601 2367 Schoelll:

79 2414 80 2418 ’
271 2398 340 2458 Nea
363 2400 456 2457 oeteis
480 2402 558 2457 aetas
581 2399 621 2457 act
639 2385 860 2470 perdiscendam
882 2401 928 2455 set
951 2401 992 2455 est

269 2507 389 2574 comati,
414 2505 483 2563 dam
505 2507 538 2563 tot
553 2506 709 2577 perdiscat,
731 2508 799 2577 quot
814 2507 915 2575 pereat
937 2502 1030 2561 modis
1055 2506 1148 2580 etqs.‚

111 2609 227 2674 deinde
251 2628 279 2674 v.
306 2610 348 2674 74
372 2628 438 2691 sq.:

265 2723 411 2790 postrato
433 2721 465 2776 ie
488 2735 592 2791 maeno
608 2718 719 2789 popolo
739 2715 887 2774 molimen
909 2716 1050 2773 iactatam

270 2843 301 2883 re
318 2827 438 2897 placide
461 2831 546 2898 etque
570 2827 662 2883 otiose
683 2825 766 2882 etcte's
790 2823 918 2881 localibus

163 2922 166 2928 ’
271 2949 369 2990 amere
393 2938 499 3005 oportet
522 2935 615 2992 omnis
638 2935 689 3004 qut
712 2931 789 3005 quod
811 2916 877 2989 deret
901 2933 1012 2990 lrabeat.

270 3059 340 3098 aare
361 3044 403 3100 ιιι
424 3043 515 3100 hercle
537 3041 606 3099 leoco
628 3042 762 3098 rueretrtc
785 3057 857 3111 quac
880 3039 926 3096 lete
947 3039 1030 3097 hebet
1054 3039 1250 3116 Phronesium
1335 3112 1337 3120 Ι

271 3129 357 3204 ιιιοιιι
378 3164 481 3205 aoruca
505 3165 585 3204 omne
608 3151 771 3218 expectere
793 3147 915 3204 eamocit
937 3162 999 3202 mco
1022 3149 1103 3222 etqs
1202 3147 1204 3151 ’

112 3251 303 3331 congruunt
332 3255 441 3314 autern
472 3248 535 3312 duo
566 3247 645 3314 haec
676 3246 809 3312 exordia
837 3266 877 3312 ea
901 3266 1029 3329 quoque
1057 3249 1088 3312 in
1113 3267 1160 3327 re,
1186 3251 1277 3332 quod
1302 3253 1343 3317 ab

112 3377 152 3422 ea
181 3373 321 3438 persona
350 3353 565 3435 proferuntur
589 3371 671 3435 quae
695 3351 818 3434 primas
842 3352 875 3416 in
899 3353 1009 3418 fabula
1032 3360 1146 3436 partes
1170 3356 1257 3437 agit:
1293 3365 1345 3424 est

112 3462 196 3530 enirn
231 3461 356 3527 iuvenis
391 3479 511 3526 amans.
571 3459 697 3525 Deinde
730 3459 764 3524 id
801 3479 929 3542 quoque
966 3462 1217 3545 animadvertas
1254 3467 1345 3546 quod

112 3574 287 3650 utrumque
310 3586 427 3647 magne
458 3587 496 3632 ex
520 3568 670 3650 partein
695 3575 875 3634 amatorum
904 3569 1068 3635 aerumnis
1092 3569 1245 3652 vitiisque
1269 3571 1344 3637 fuse

112 3674 309 3757 exponendis
325 3681 488 3740 versetur,
513 3674 670 3741 eonferas
686 3672 881 3739 Mercatoris
897 3693 1012 3740 versus
1029 3674 1104 3741 inde
1121 3677 1161 3743 ab
1180 3678 1221 3742 18
1238 3696 1345 3760 usque

112 3781 153 3847 sd
178 3779 224 3845 36
245 3800 317 3847 cum
341 3781 530 3846 Truculenti
553 3777 702 3845 versibus
726 3779 801 3845 inde
825 3781 911 3844 aaa
935 3801 1038 3864 usque
1063 3785 1103 3847 ad
1129 3783 1181 3848 76.
1277 3806 1279 3809 ·

133 3936 147 3943 ..
219 3887 357 3968 Laudat,
382 3905 446 3951 non
469 3887 606 3966 incusat,
630 3895 773 3952 amorem
797 3887 852 3952 ille
876 3887 940 3969 qui,
965 3891 1036 3970 ipse
1057 3908 1186 3972 quoque
1202 3895 1344 3970 amator,

113 3993 333 4078 Theophileae
356 3995 487 4061 fabulae
509 3991 669 4071 Φιλαυλος
694 4012 777 4076 quae
800 3994 959 4077 inscripta
982 4002 1055 4061 erat
1074 3997 1242 4061 exordium
1265 4016 1343 4078 pro·

112 4102 251 4184 nuntiat,
277 4102 363 4184 quod
386 4101 575 4169 Athenaeus
598 4102 647 4167 ΙΙΙ
670 4101 764 4167 563ι
788 4101 893 4186 (Kock
915 4102 947 4166 ΙΙ
971 4120 1001 4182 p.
1026 4099 1106 4186 477)
1130 4104 1293 4168 servavit:

326 4206 370 4284 τις
392 4228 467 4292 φησι
490 4209 561 4283 τοὺς
584 4206 719 4292 ἐρῶντας
743 4208 813 4294 οὐχι
836 4216 909 4273 νοῦν,
931 4208 1030 4293 ἕχειν;

326 4293 432 4400 ἠιιοὺ
455 4313 499 4391 τις
522 4314 587 4378 ἐστι
609 4317 679 4392 τοὺς
702 4314 834 4400 τρόπους
857 4313 1033 4401 ἀβέλτερος.

131 4482 171 4552 κ
327 4421 353 4485 εἰ
376 4423 437 4507 γὰρ
461 4420 571 4507 ἀφέλοι
594 4442 639 4499 τις
661 4430 715 4485 τοῦ
739 4421 805 4508 βίου
829 4424 884 4499 τὰς
907 4422 1031 4507 ἡδονάς,
