<?xml version="1.0" encoding="UTF-8"?>
<!DOCTYPE html PUBLIC "-//W3C//DTD XHTML 1.0 Transitional//EN"
    "http://www.w3.org/TR/xhtml1/DTD/xhtml1-transitional.dtd">
<html xmlns="http://www.w3.org/1999/xhtml" xml:lang="en" lang="en">
 <head>
  <title>
</title>
<meta http-equiv="Content-Type" content="text/html;charset=utf-8" />
  <meta name='ocr-system' content='tesseract 3.04.00' />
  <meta name='ocr-capabilities' content='ocr_page ocr_carea ocr_par ocr_line ocrx_word'/>
</head>
<body>
  <div class='ocr_page' id='page_1' title='image "./decomoediaeatti00frangoog_0013.png"; bbox 0 0 2910 4942; ppageno 0'>
   <div class='ocr_carea' id='block_1_1' title="bbox 698 216 893 326">
    <p class='ocr_par' dir='ltr' id='par_1_1' title="bbox 698 216 893 326">
     <span class='ocr_line' id='line_1_1' title="bbox 698 216 893 326; baseline 0.005 -54"><span class='ocrx_word' id='word_1_1' title='bbox 698 216 893 326; x_wconf 72' lang='grc'>..6.-</span> 
     </span>
    </p>
   </div>
   <div class='ocr_carea' id='block_1_2' title="bbox 166 416 1423 2543">
    <p class='ocr_par' dir='ltr' id='par_1_2' title="bbox 166 416 1423 1145">
     <span class='ocr_line' id='line_1_2' title="bbox 181 416 1419 501; baseline 0.003 -17"><span class='ocrx_word' id='word_1_2' title='bbox 181 417 305 500; x_wconf 82' lang='lat' dir='ltr'><strong>pangit,</strong></span> <span class='ocrx_word' id='word_1_3' title='bbox 331 437 395 500; x_wconf 90' lang='lat' dir='ltr'><strong>qua</strong></span> <span class='ocrx_word' id='word_1_4' title='bbox 419 417 506 483; x_wconf 88' lang='lat' dir='ltr'><strong>iacta</strong></span> <span class='ocrx_word' id='word_1_5' title='bbox 528 417 682 501; x_wconf 88' lang='lat' dir='ltr'><strong>Dionysia</strong></span> <span class='ocrx_word' id='word_1_6' title='bbox 711 422 857 501; x_wconf 90' lang='lat' dir='ltr'><strong>agrestia</strong></span> <span class='ocrx_word' id='word_1_7' title='bbox 881 416 1033 485; x_wconf 81' lang='lat' dir='ltr'>celebrat.</span> <span class='ocrx_word' id='word_1_8' title='bbox 1083 420 1172 485; x_wconf 89' lang='lat' dir='ltr'><strong>Haec</strong></span> <span class='ocrx_word' id='word_1_9' title='bbox 1201 421 1313 488; x_wconf 90' lang='lat' dir='ltr'><strong>omnia</strong></span> <span class='ocrx_word' id='word_1_10' title='bbox 1339 443 1419 488; x_wconf 88' lang='lat' dir='ltr'><strong>can-</strong></span> 
     </span>
     <span class='ocr_line' id='line_1_3' title="bbox 180 525 1417 608; baseline 0.002 -16"><span class='ocrx_word' id='word_1_11' title='bbox 180 526 264 592; x_wconf 80' lang='lat' dir='ltr'><strong>tinet</strong></span> <span class='ocrx_word' id='word_1_12' title='bbox 294 527 460 608; x_wconf 80' lang='lat' dir='ltr'>prologus,</span> <span class='ocrx_word' id='word_1_13' title='bbox 507 525 597 602; x_wconf 81' lang='lat' dir='ltr'><strong>Quae</strong></span> <span class='ocrx_word' id='word_1_14' title='bbox 629 533 811 608; x_wconf 89' lang='lat' dir='ltr'><strong>sequuntur</strong></span> <span class='ocrx_word' id='word_1_15' title='bbox 841 525 883 591; x_wconf 93' lang='lat' dir='ltr'><strong>ad</strong></span> <span class='ocrx_word' id='word_1_16' title='bbox 915 545 983 592; x_wconf 90' lang='lat' dir='ltr'><strong>rem</strong></span> <span class='ocrx_word' id='word_1_17' title='bbox 1010 528 1104 608; x_wconf 88' lang='lat' dir='ltr'><strong>parvi</strong></span> <span class='ocrx_word' id='word_1_18' title='bbox 1137 529 1292 593; x_wconf 81' lang='lat' dir='ltr'><strong>momenti</strong></span> <span class='ocrx_word' id='word_1_19' title='bbox 1317 537 1417 596; x_wconf 92' lang='lat' dir='ltr'><strong>sunt:</strong></span> 
     </span>
     <span class='ocr_line' id='line_1_4' title="bbox 181 629 1417 715; baseline 0.003 -17"><span class='ocrx_word' id='word_1_20' title='bbox 181 639 258 698; x_wconf 93' lang='lat' dir='ltr'><strong>sunt</strong></span> <span class='ocrx_word' id='word_1_21' title='bbox 281 631 365 697; x_wconf 93' lang='lat' dir='ltr'><strong>enim</strong></span> <span class='ocrx_word' id='word_1_22' title='bbox 389 631 485 714; x_wconf 86' lang='lat' dir='ltr'><strong>dicta,</strong></span> <span class='ocrx_word' id='word_1_23' title='bbox 510 650 574 696; x_wconf 93' lang='lat' dir='ltr'><strong>non</strong></span> <span class='ocrx_word' id='word_1_24' title='bbox 597 629 700 698; x_wconf 88' lang='lat' dir='ltr'><strong>facta:</strong></span> <span class='ocrx_word' id='word_1_25' title='bbox 732 633 852 699; x_wconf 87' lang='lat' dir='ltr'><strong>chorus</strong></span> <span class='ocrx_word' id='word_1_26' title='bbox 883 634 938 715; x_wconf 92' lang='lat' dir='ltr'><strong>qui</strong></span> <span class='ocrx_word' id='word_1_27' title='bbox 961 633 1100 715; x_wconf 92' lang='lat' dir='ltr'><strong>primum</strong></span> <span class='ocrx_word' id='word_1_28' title='bbox 1125 633 1417 703; x_wconf 89' lang='lat' dir='ltr'><strong>vehementissime</strong></span> 
     </span>
     <span class='ocr_line' id='line_1_5' title="bbox 166 731 1416 823; baseline 0.003 -19"><span class='ocrx_word' id='word_1_29' title='bbox 166 731 253 821; x_wconf 59' lang='lat' dir='ltr'><strong>&#39;paci</strong></span> <span class='ocrx_word' id='word_1_30' title='bbox 277 737 464 818; x_wconf 87' lang='lat' dir='ltr'><strong>obstiterat,</strong></span> <span class='ocrx_word' id='word_1_31' title='bbox 497 739 703 820; x_wconf 89' lang='lat' dir='ltr'><strong>Dicaeopolis</strong></span> <span class='ocrx_word' id='word_1_32' title='bbox 735 741 884 806; x_wconf 89' lang='lat' dir='ltr'><strong>oratione</strong></span> <span class='ocrx_word' id='word_1_33' title='bbox 914 746 1090 806; x_wconf 89' lang='lat' dir='ltr'><strong>commotus</strong></span> <span class='ocrx_word' id='word_1_34' title='bbox 1121 740 1162 806; x_wconf 91' lang='lat' dir='ltr'><strong>ad</strong></span> <span class='ocrx_word' id='word_1_35' title='bbox 1193 742 1262 806; x_wconf 88' lang='lat' dir='ltr'><strong>eius</strong></span> <span class='ocrx_word' id='word_1_36' title='bbox 1294 750 1416 823; x_wconf 89' lang='lat' dir='ltr'><strong>partes</strong></span> 
     </span>
     <span class='ocr_line' id='line_1_6' title="bbox 179 845 1417 930; baseline 0.003 -18"><span class='ocrx_word' id='word_1_37' title='bbox 179 847 309 915; x_wconf 81' lang='lat' dir='ltr'><strong>transit.</strong></span> <span class='ocrx_word' id='word_1_38' title='bbox 354 845 479 912; x_wconf 80' lang='lat' dir='ltr'>Deinde</span> <span class='ocrx_word' id='word_1_39' title='bbox 496 845 715 928; x_wconf 82' lang='lat' dir='ltr'><strong>compluribus</strong></span> <span class='ocrx_word' id='word_1_40' title='bbox 731 847 858 916; x_wconf 76' lang='lat' dir='ltr'>scaenis</span> <span class='ocrx_word' id='word_1_41' title='bbox 882 853 1004 930; x_wconf 90' lang='lat' dir='ltr'><strong>quanta</strong></span> <span class='ocrx_word' id='word_1_42' title='bbox 1020 849 1186 914; x_wconf 90' lang='lat' dir='ltr'><strong>commoda</strong></span> <span class='ocrx_word' id='word_1_43' title='bbox 1209 867 1272 930; x_wconf 87' lang='lat' dir='ltr'><strong>pax</strong></span> <span class='ocrx_word' id='word_1_44' title='bbox 1290 849 1417 916; x_wconf 88' lang='lat' dir='ltr'><strong>afferat</strong></span> 
     </span>
     <span class='ocr_line' id='line_1_7' title="bbox 180 952 1423 1043; baseline 0.003 -22"><span class='ocrx_word' id='word_1_45' title='bbox 180 955 433 1022; x_wconf 89' lang='lat' dir='ltr'><strong>demonstratur.</strong></span> <span class='ocrx_word' id='word_1_46' title='bbox 458 988 501 1002; x_wconf 88' lang='lat'><em>-</em></span> <span class='ocrx_word' id='word_1_47' title='bbox 532 952 635 1019; x_wconf 82' lang='lat' dir='ltr'><strong>Simili</strong></span> <span class='ocrx_word' id='word_1_48' title='bbox 666 953 760 1019; x_wconf 92' lang='lat' dir='ltr'><strong>modo</strong></span> <span class='ocrx_word' id='word_1_49' title='bbox 784 954 968 1036; x_wconf 91' lang='lat' dir='ltr'><strong>Vesparum</strong></span> <span class='ocrx_word' id='word_1_50' title='bbox 993 973 1120 1037; x_wconf 93' lang='lat' dir='ltr'><strong>quoque</strong></span> <span class='ocrx_word' id='word_1_51' title='bbox 1150 962 1184 1022; x_wconf 91' lang='lat' dir='ltr'><strong>et</strong></span> <span class='ocrx_word' id='word_1_52' title='bbox 1208 956 1303 1023; x_wconf 84' lang='lat' dir='ltr'><strong>Pacis</strong></span> <span class='ocrx_word' id='word_1_53' title='bbox 1331 976 1423 1043; x_wconf 17' lang='lat' dir='ltr'><strong>pro-7</strong></span> 
     </span>
     <span class='ocr_line' id='line_1_8' title="bbox 179 1060 1293 1145; baseline -0.001 -17"><span class='ocrx_word' id='word_1_54' title='bbox 179 1063 245 1145; x_wconf 89' lang='lat' dir='ltr'><strong>logi</strong></span> <span class='ocrx_word' id='word_1_55' title='bbox 268 1079 417 1144; x_wconf 89' lang='lat' dir='ltr'><strong>magnam</strong></span> <span class='ocrx_word' id='word_1_56' title='bbox 442 1060 627 1142; x_wconf 89' lang='lat' dir='ltr'><strong>argumenti</strong></span> <span class='ocrx_word' id='word_1_57' title='bbox 649 1067 778 1143; x_wconf 91' lang='lat' dir='ltr'><strong>partem</strong></span> <span class='ocrx_word' id='word_1_58' title='bbox 802 1061 1072 1143; x_wconf 90' lang='lat' dir='ltr'><strong>complectuntur.</strong></span> <span class='ocrx_word' id='word_1_59' title='bbox 1178 1104 1180 1107; x_wconf 31' lang='lat' dir='ltr'>v</span> <span class='ocrx_word' id='word_1_60' title='bbox 1289 1104 1293 1113; x_wconf 87' lang='lat'>·</span> 
     </span>
    </p>

    <p class='ocr_par' dir='ltr' id='par_1_3' title="bbox 175 1167 1415 2543">
     <span class='ocr_line' id='line_1_9' title="bbox 286 1167 1415 1252; baseline 0.006 -18"><span class='ocrx_word' id='word_1_61' title='bbox 286 1168 378 1247; x_wconf 79' lang='lat' dir='ltr'><strong>Quod</strong></span> <span class='ocrx_word' id='word_1_62' title='bbox 401 1169 430 1234; x_wconf 95' lang='lat' dir='ltr'><strong>si</strong></span> <span class='ocrx_word' id='word_1_63' title='bbox 454 1167 641 1250; x_wconf 83' lang='lat' dir='ltr'><strong>quaerimus</strong></span> <span class='ocrx_word' id='word_1_64' title='bbox 666 1187 748 1250; x_wconf 92' lang='lat' dir='ltr'><strong>quae</strong></span> <span class='ocrx_word' id='word_1_65' title='bbox 780 1168 824 1234; x_wconf 91' lang='lat' dir='ltr'><strong>sit</strong></span> <span class='ocrx_word' id='word_1_66' title='bbox 846 1168 962 1234; x_wconf 94' lang='lat' dir='ltr'><strong>horum</strong></span> <span class='ocrx_word' id='word_1_67' title='bbox 985 1169 1195 1252; x_wconf 89' lang='lat' dir='ltr'><strong>prologorum</strong></span> <span class='ocrx_word' id='word_1_68' title='bbox 1219 1170 1337 1251; x_wconf 87' lang='lat' dir='ltr'><strong>forma,</strong></span> <span class='ocrx_word' id='word_1_69' title='bbox 1374 1195 1415 1241; x_wconf 90' lang='lat' dir='ltr'><strong>ex</strong></span> 
     </span>
     <span class='ocr_line' id='line_1_10' title="bbox 178 1275 1415 1359; baseline 0.003 -17"><span class='ocrx_word' id='word_1_70' title='bbox 178 1277 219 1343; x_wconf 93' lang='lat' dir='ltr'><strong>iis</strong></span> <span class='ocrx_word' id='word_1_71' title='bbox 235 1295 319 1359; x_wconf 89' lang='lat' dir='ltr'><strong>quae</strong></span> <span class='ocrx_word' id='word_1_72' title='bbox 335 1275 429 1342; x_wconf 89' lang='lat' dir='ltr'><strong>modo</strong></span> <span class='ocrx_word' id='word_1_73' title='bbox 447 1275 651 1357; x_wconf 84' lang='lat' dir='ltr'><strong>exposuimus</strong></span> <span class='ocrx_word' id='word_1_74' title='bbox 668 1276 775 1341; x_wconf 89' lang='lat' dir='ltr'><strong>elucet</strong></span> <span class='ocrx_word' id='word_1_75' title='bbox 798 1283 889 1342; x_wconf 90' lang='lat' dir='ltr'><strong>certa</strong></span> <span class='ocrx_word' id='word_1_76' title='bbox 911 1293 1034 1357; x_wconf 90' lang='lat' dir='ltr'><strong>genera</strong></span> <span class='ocrx_word' id='word_1_77' title='bbox 1053 1294 1165 1341; x_wconf 91' lang='lat' dir='ltr'><strong>earum</strong></span> <span class='ocrx_word' id='word_1_78' title='bbox 1181 1282 1415 1346; x_wconf 90' lang='lat' dir='ltr'><strong>tantummodo</strong></span> 
     </span>
     <span class='ocr_line' id='line_1_11' title="bbox 178 1382 1415 1469; baseline 0.002 -18"><span class='ocrx_word' id='word_1_79' title='bbox 178 1385 321 1468; x_wconf 89' lang='lat' dir='ltr'><strong>partium</strong></span> <span class='ocrx_word' id='word_1_80' title='bbox 356 1402 440 1466; x_wconf 92' lang='lat' dir='ltr'><strong>quae</strong></span> <span class='ocrx_word' id='word_1_81' title='bbox 473 1382 707 1464; x_wconf 82' lang='lat' dir='ltr'><strong>expositionem</strong></span> <span class='ocrx_word' id='word_1_82' title='bbox 746 1401 843 1465; x_wconf 91' lang='lat' dir='ltr'><strong>quam</strong></span> <span class='ocrx_word' id='word_1_83' title='bbox 876 1382 1012 1448; x_wconf 82' lang='lat' dir='ltr'><strong>dicimus</strong></span> <span class='ocrx_word' id='word_1_84' title='bbox 1047 1383 1213 1450; x_wconf 83' lang='lat' dir='ltr'><strong>continent</strong></span> <span class='ocrx_word' id='word_1_85' title='bbox 1248 1385 1415 1469; x_wconf 82' lang='lat' dir='ltr'><strong>distingui</strong></span> 
     </span>
     <span class='ocr_line' id='line_1_12' title="bbox 177 1487 1414 1576; baseline 0.004 -18"><span class='ocrx_word' id='word_1_86' title='bbox 177 1511 293 1576; x_wconf 83' lang='lat' dir='ltr'><strong>posse,</strong></span> <span class='ocrx_word' id='word_1_87' title='bbox 328 1511 399 1558; x_wconf 93' lang='lat' dir='ltr'><strong>cum</strong></span> <span class='ocrx_word' id='word_1_88' title='bbox 432 1490 507 1556; x_wconf 92' lang='lat' dir='ltr'><strong>illae</strong></span> <span class='ocrx_word' id='word_1_89' title='bbox 540 1490 656 1572; x_wconf 91' lang='lat' dir='ltr'><strong>quibus</strong></span> <span class='ocrx_word' id='word_1_90' title='bbox 690 1509 744 1556; x_wconf 88' lang='lat' dir='ltr'><strong>res</strong></span> <span class='ocrx_word' id='word_1_91' title='bbox 777 1495 921 1572; x_wconf 89' lang='lat' dir='ltr'><strong>aguntur</strong></span> <span class='ocrx_word' id='word_1_92' title='bbox 952 1508 1013 1571; x_wconf 90' lang='lat' dir='ltr'><strong>pro</strong></span> <span class='ocrx_word' id='word_1_93' title='bbox 1045 1487 1178 1557; x_wconf 87' lang='lat' dir='ltr'><strong>fabulae</strong></span> <span class='ocrx_word' id='word_1_94' title='bbox 1210 1492 1414 1563; x_wconf 89' lang='lat' dir='ltr'><strong>diversitate</strong></span> 
     </span>
     <span class='ocr_line' id='line_1_13' title="bbox 178 1596 1414 1682; baseline 0.005 -17"><span class='ocrx_word' id='word_1_95' title='bbox 178 1602 268 1682; x_wconf 90' lang='lat' dir='ltr'><strong>ipsae</strong></span> <span class='ocrx_word' id='word_1_96' title='bbox 291 1615 420 1681; x_wconf 89' lang='lat' dir='ltr'><strong>quoque</strong></span> <span class='ocrx_word' id='word_1_97' title='bbox 443 1615 579 1680; x_wconf 91' lang='lat' dir='ltr'><strong>prorsus</strong></span> <span class='ocrx_word' id='word_1_98' title='bbox 603 1596 752 1663; x_wconf 88' lang='lat' dir='ltr'><strong>diversae</strong></span> <span class='ocrx_word' id='word_1_99' title='bbox 776 1597 892 1663; x_wconf 93' lang='lat' dir='ltr'><strong>indolis</strong></span> <span class='ocrx_word' id='word_1_100' title='bbox 916 1615 989 1663; x_wconf 93' lang='lat' dir='ltr'><strong>esse</strong></span> <span class='ocrx_word' id='word_1_101' title='bbox 1012 1597 1150 1663; x_wconf 90' lang='lat' dir='ltr'><strong>soleant.</strong></span> <span class='ocrx_word' id='word_1_102' title='bbox 1190 1599 1242 1666; x_wconf 83' lang='lat' dir='ltr'><strong>Sic</strong></span> <span class='ocrx_word' id='word_1_103' title='bbox 1266 1619 1414 1671; x_wconf 84' lang='lat' dir='ltr'><strong>scaenae</strong></span> 
     </span>
     <span class='ocr_line' id='line_1_14' title="bbox 177 1701 1413 1790; baseline 0.005 -18"><span class='ocrx_word' id='word_1_104' title='bbox 177 1707 225 1772; x_wconf 91' lang='lat' dir='ltr'><strong>illi</strong></span> <span class='ocrx_word' id='word_1_105' title='bbox 248 1725 331 1790; x_wconf 91' lang='lat' dir='ltr'><strong>quae</strong></span> <span class='ocrx_word' id='word_1_106' title='bbox 354 1705 477 1788; x_wconf 89' lang='lat' dir='ltr'><strong>legitur</strong></span> <span class='ocrx_word' id='word_1_107' title='bbox 509 1704 542 1769; x_wconf 94' lang='lat' dir='ltr'><strong>in</strong></span> <span class='ocrx_word' id='word_1_108' title='bbox 566 1701 831 1770; x_wconf 88' lang='lat' dir='ltr'><strong>Acharnensihus</strong></span> <span class='ocrx_word' id='word_1_109' title='bbox 865 1703 940 1770; x_wconf 91' lang='lat' dir='ltr'><strong>inde</strong></span> <span class='ocrx_word' id='word_1_110' title='bbox 963 1723 1034 1770; x_wconf 90' lang='lat' dir='ltr'><strong>av.</strong></span> <span class='ocrx_word' id='word_1_111' title='bbox 1059 1704 1103 1769; x_wconf 78' lang='lat'><strong>40</strong></span> <span class='ocrx_word' id='word_1_112' title='bbox 1135 1705 1214 1771; x_wconf 89' lang='lat' dir='ltr'><strong>nihil</strong></span> <span class='ocrx_word' id='word_1_113' title='bbox 1249 1717 1301 1774; x_wconf 90' lang='lat' dir='ltr'><strong>est</strong></span> <span class='ocrx_word' id='word_1_114' title='bbox 1335 1729 1413 1778; x_wconf 86' lang='lat' dir='ltr'><strong>cum</strong></span> 
     </span>
     <span class='ocr_line' id='line_1_15' title="bbox 176 1811 1412 1896; baseline -0.002 -13"><span class='ocrx_word' id='word_1_115' title='bbox 176 1814 317 1884; x_wconf 91' lang='lat' dir='ltr'><strong>Nubium</strong></span> <span class='ocrx_word' id='word_1_116' title='bbox 349 1835 398 1880; x_wconf 87' lang='lat' dir='ltr'><strong>vv.</strong></span> <span class='ocrx_word' id='word_1_117' title='bbox 424 1813 468 1879; x_wconf 88' lang='lat'><strong>80</strong></span> <span class='ocrx_word' id='word_1_118' title='bbox 492 1832 551 1896; x_wconf 87' lang='lat' dir='ltr'><strong>sq.‚</strong></span> <span class='ocrx_word' id='word_1_119' title='bbox 586 1811 668 1878; x_wconf 93' lang='lat' dir='ltr'><strong>nihil</strong></span> <span class='ocrx_word' id='word_1_120' title='bbox 691 1831 763 1878; x_wconf 87' lang='lat' dir='ltr'><strong>cum</strong></span> <span class='ocrx_word' id='word_1_121' title='bbox 786 1813 969 1894; x_wconf 83' lang='lat' dir='ltr'><strong>Vesparum</strong></span> <span class='ocrx_word' id='word_1_122' title='bbox 996 1833 1045 1877; x_wconf 87' lang='lat' dir='ltr'><strong>vv.</strong></span> <span class='ocrx_word' id='word_1_123' title='bbox 1072 1813 1135 1878; x_wconf 89' lang='grc'><strong>143</strong></span> <span class='ocrx_word' id='word_1_124' title='bbox 1159 1833 1217 1896; x_wconf 83' lang='lat' dir='ltr'><strong>sq,</strong></span> <span class='ocrx_word' id='word_1_125' title='bbox 1254 1814 1339 1885; x_wconf 90' lang='lat' dir='ltr'><strong>aliis.</strong></span> <span class='ocrx_word' id='word_1_126' title='bbox 1369 1856 1412 1865; x_wconf 82' lang='lat'><strong>-</strong></span> 
     </span>
     <span class='ocr_line' id='line_1_16' title="bbox 176 1918 1413 2004; baseline 0.004 -17"><span class='ocrx_word' id='word_1_127' title='bbox 176 1920 284 2004; x_wconf 89' lang='lat' dir='ltr'><strong>Ipsius</strong></span> <span class='ocrx_word' id='word_1_128' title='bbox 301 1927 409 1988; x_wconf 90' lang='lat' dir='ltr'><strong>autem</strong></span> <span class='ocrx_word' id='word_1_129' title='bbox 427 1919 639 2002; x_wconf 84' lang='lat' dir='ltr'><strong>expositionis</strong></span> <span class='ocrx_word' id='word_1_130' title='bbox 658 1920 690 1984; x_wconf 92' lang='lat' dir='ltr'><strong>in</strong></span> <span class='ocrx_word' id='word_1_131' title='bbox 707 1918 944 2002; x_wconf 84' lang='lat' dir='ltr'><strong>antiquioribus</strong></span> <span class='ocrx_word' id='word_1_132' title='bbox 955 1919 1184 2001; x_wconf 82' lang='lat' dir='ltr'><strong>Aristophanis</strong></span> <span class='ocrx_word' id='word_1_133' title='bbox 1203 1919 1325 1988; x_wconf 86' lang='lat' dir='ltr'><strong>fabulis</strong></span> <span class='ocrx_word' id='word_1_134' title='bbox 1342 1925 1413 1992; x_wconf 91' lang='lat' dir='ltr'><strong>dno</strong></span> 
     </span>
     <span class='ocr_line' id='line_1_17' title="bbox 176 2026 1412 2112; baseline 0.002 -16"><span class='ocrx_word' id='word_1_135' title='bbox 176 2048 299 2112; x_wconf 89' lang='lat' dir='ltr'><strong>genera</strong></span> <span class='ocrx_word' id='word_1_136' title='bbox 321 2034 397 2095; x_wconf 93' lang='lat' dir='ltr'><strong>sunt</strong></span> <span class='ocrx_word' id='word_1_137' title='bbox 420 2028 659 2111; x_wconf 87' lang='lat' dir='ltr'><strong>distinguenda.</strong></span> <span class='ocrx_word' id='word_1_138' title='bbox 707 2027 850 2104; x_wconf 82' lang='lat' dir='ltr'><strong>Quorum</strong></span> <span class='ocrx_word' id='word_1_139' title='bbox 880 2026 1021 2092; x_wconf 94' lang='lat' dir='ltr'><strong>alterum</strong></span> <span class='ocrx_word' id='word_1_140' title='bbox 1049 2029 1192 2093; x_wconf 88' lang='lat' dir='ltr'><strong>occurrit</strong></span> <span class='ocrx_word' id='word_1_141' title='bbox 1220 2027 1255 2094; x_wconf 93' lang='lat' dir='ltr'><strong>in</strong></span> <span class='ocrx_word' id='word_1_142' title='bbox 1278 2031 1412 2098; x_wconf 79' lang='lat' dir='ltr'><strong>Achar-</strong></span> 
     </span>
     <span class='ocr_line' id='line_1_18' title="bbox 175 2133 1412 2218; baseline 0.002 -15"><span class='ocrx_word' id='word_1_143' title='bbox 175 2134 330 2203; x_wconf 92' lang='lat' dir='ltr'><strong>nensibus</strong></span> <span class='ocrx_word' id='word_1_144' title='bbox 363 2142 397 2202; x_wconf 90' lang='lat' dir='ltr'><strong>et</strong></span> <span class='ocrx_word' id='word_1_145' title='bbox 428 2134 461 2200; x_wconf 96' lang='lat' dir='ltr'><strong>in</strong></span> <span class='ocrx_word' id='word_1_146' title='bbox 490 2135 649 2214; x_wconf 89' lang='lat' dir='ltr'><strong>Nubibus,</strong></span> <span class='ocrx_word' id='word_1_147' title='bbox 682 2133 737 2199; x_wconf 89' lang='lat' dir='ltr'><strong>ubi</strong></span> <span class='ocrx_word' id='word_1_148' title='bbox 772 2153 810 2200; x_wconf 91' lang='lat' dir='ltr'><strong>ea</strong></span> <span class='ocrx_word' id='word_1_149' title='bbox 842 2153 984 2216; x_wconf 90' lang='lat' dir='ltr'><strong>persona</strong></span> <span class='ocrx_word' id='word_1_150' title='bbox 1017 2153 1101 2216; x_wconf 87' lang='lat' dir='ltr'><strong>quae</strong></span> <span class='ocrx_word' id='word_1_151' title='bbox 1132 2136 1256 2218; x_wconf 91' lang='lat' dir='ltr'><strong>primas</strong></span> <span class='ocrx_word' id='word_1_152' title='bbox 1289 2145 1412 2218; x_wconf 90' lang='lat' dir='ltr'><strong>partes</strong></span> 
     </span>
     <span class='ocr_line' id='line_1_19' title="bbox 176 2241 1412 2328; baseline 0.002 -16"><span class='ocrx_word' id='word_1_153' title='bbox 176 2245 245 2327; x_wconf 87' lang='lat' dir='ltr'><strong>agit</strong></span> <span class='ocrx_word' id='word_1_154' title='bbox 268 2245 301 2309; x_wconf 94' lang='lat' dir='ltr'><strong>in</strong></span> <span class='ocrx_word' id='word_1_155' title='bbox 325 2244 484 2327; x_wconf 90' lang='lat' dir='ltr'><strong>principio</strong></span> <span class='ocrx_word' id='word_1_156' title='bbox 515 2262 575 2327; x_wconf 91' lang='lat' dir='ltr'><strong>per</strong></span> <span class='ocrx_word' id='word_1_157' title='bbox 598 2242 805 2325; x_wconf 90' lang='lat' dir='ltr'><strong>soliloquium</strong></span> <span class='ocrx_word' id='word_1_158' title='bbox 832 2249 1035 2325; x_wconf 90' lang='lat' dir='ltr'><strong>spectatores</strong></span> <span class='ocrx_word' id='word_1_159' title='bbox 1066 2242 1106 2307; x_wconf 92' lang='lat' dir='ltr'><strong>de</strong></span> <span class='ocrx_word' id='word_1_160' title='bbox 1129 2242 1170 2308; x_wconf 92' lang='lat' dir='ltr'><strong>iis</strong></span> <span class='ocrx_word' id='word_1_161' title='bbox 1195 2241 1294 2309; x_wconf 90' lang='lat' dir='ltr'><strong>rebus</strong></span> <span class='ocrx_word' id='word_1_162' title='bbox 1321 2265 1412 2328; x_wconf 90' lang='lat' dir='ltr'><strong>quae</strong></span> 
     </span>
     <span class='ocr_line' id='line_1_20' title="bbox 176 2347 1409 2432; baseline 0.002 -14"><span class='ocrx_word' id='word_1_163' title='bbox 176 2352 217 2418; x_wconf 93' lang='lat' dir='ltr'><strong>ad</strong></span> <span class='ocrx_word' id='word_1_164' title='bbox 241 2351 493 2432; x_wconf 89' lang='lat' dir='ltr'><strong>intellegendam</strong></span> <span class='ocrx_word' id='word_1_165' title='bbox 526 2347 671 2415; x_wconf 88' lang='lat' dir='ltr'><strong>fabulam</strong></span> <span class='ocrx_word' id='word_1_166' title='bbox 703 2369 783 2431; x_wconf 91' lang='lat' dir='ltr'><strong>opus</strong></span> <span class='ocrx_word' id='word_1_167' title='bbox 816 2355 893 2415; x_wconf 90' lang='lat' dir='ltr'><strong>sunt</strong></span> <span class='ocrx_word' id='word_1_168' title='bbox 926 2351 1085 2416; x_wconf 89' lang='lat' dir='ltr'><strong>certiores</strong></span> <span class='ocrx_word' id='word_1_169' title='bbox 1118 2349 1205 2416; x_wconf 89' lang='lat' dir='ltr'><strong>facit.</strong></span> <span class='ocrx_word' id='word_1_170' title='bbox 1252 2352 1409 2422; x_wconf 81' lang='lat' dir='ltr'><strong>Alterum</strong></span> 
     </span>
     <span class='ocr_line' id='line_1_21' title="bbox 175 2453 1410 2543; baseline 0.005 -21"><span class='ocrx_word' id='word_1_171' title='bbox 175 2475 277 2539; x_wconf 87' lang='lat' dir='ltr'><strong>genus</strong></span> <span class='ocrx_word' id='word_1_172' title='bbox 310 2453 418 2522; x_wconf 92' lang='lat' dir='ltr'><strong>tribus</strong></span> <span class='ocrx_word' id='word_1_173' title='bbox 451 2455 621 2522; x_wconf 85' lang='lat' dir='ltr'><strong>comoediis</strong></span> <span class='ocrx_word' id='word_1_174' title='bbox 650 2456 831 2523; x_wconf 91' lang='lat' dir='ltr'><strong>adhibitum</strong></span> <span class='ocrx_word' id='word_1_175' title='bbox 863 2456 1053 2537; x_wconf 85' lang='lat' dir='ltr'><strong>invenimus,</strong></span> <span class='ocrx_word' id='word_1_176' title='bbox 1087 2455 1259 2539; x_wconf 90' lang='lat' dir='ltr'><strong>Equitibus</strong></span> <span class='ocrx_word' id='word_1_177' title='bbox 1283 2459 1410 2543; x_wconf 89' lang='lat' dir='ltr'><strong>Vespis</strong></span> 
     </span>
    </p>
   </div>
   <div class='ocr_carea' id='block_1_3' title="bbox 174 2562 1409 2652">
    <p class='ocr_par' dir='ltr' id='par_1_4' title="bbox 174 2562 1409 2652">
     <span class='ocr_line' id='line_1_22' title="bbox 174 2562 1409 2652; baseline 0.006 -23"><span class='ocrx_word' id='word_1_178' title='bbox 174 2563 260 2630; x_wconf 90' lang='lat' dir='ltr'><strong>Paci.</strong></span> <span class='ocrx_word' id='word_1_179' title='bbox 307 2564 397 2630; x_wconf 92' lang='lat' dir='ltr'><strong>Haec</strong></span> <span class='ocrx_word' id='word_1_180' title='bbox 423 2562 551 2629; x_wconf 91' lang='lat' dir='ltr'><strong>initium</strong></span> <span class='ocrx_word' id='word_1_181' title='bbox 582 2563 714 2645; x_wconf 89' lang='lat' dir='ltr'><strong>capiunt</strong></span> <span class='ocrx_word' id='word_1_182' title='bbox 745 2564 926 2629; x_wconf 92' lang='lat' dir='ltr'><strong>aduorum</strong></span> <span class='ocrx_word' id='word_1_183' title='bbox 950 2583 1119 2631; x_wconf 89' lang='lat' dir='ltr'><strong>servorum</strong></span> <span class='ocrx_word' id='word_1_184' title='bbox 1150 2566 1205 2647; x_wconf 91' lang='lat' dir='ltr'><strong>qui</strong></span> <span class='ocrx_word' id='word_1_185' title='bbox 1237 2567 1278 2632; x_wconf 96' lang='lat' dir='ltr'><strong>ad</strong></span> <span class='ocrx_word' id='word_1_186' title='bbox 1303 2587 1409 2652; x_wconf 87' lang='lat' dir='ltr'><strong>argu-</strong></span> 
     </span>
    </p>
   </div>
   <div class='ocr_carea' id='block_1_4' title="bbox 171 2777 1409 3833">
    <p class='ocr_par' dir='ltr' id='par_1_5' title="bbox 171 2777 1409 3833">
     <span class='ocr_line' id='line_1_23' title="bbox 173 2777 1409 2863; baseline 0.003 -17"><span class='ocrx_word' id='word_1_187' title='bbox 173 2799 251 2863; x_wconf 91' lang='lat' dir='ltr'><strong>pars</strong></span> <span class='ocrx_word' id='word_1_188' title='bbox 283 2784 342 2844; x_wconf 89' lang='lat' dir='ltr'><strong>est.</strong></span> <span class='ocrx_word' id='word_1_189' title='bbox 390 2777 516 2844; x_wconf 89' lang='lat' dir='ltr'><strong>Deinde</strong></span> <span class='ocrx_word' id='word_1_190' title='bbox 546 2780 632 2844; x_wconf 90' lang='lat' dir='ltr'><strong>alter</strong></span> <span class='ocrx_word' id='word_1_191' title='bbox 662 2778 704 2844; x_wconf 90' lang='lat' dir='ltr'><strong>ad</strong></span> <span class='ocrx_word' id='word_1_192' title='bbox 733 2784 939 2860; x_wconf 87' lang='lat' dir='ltr'><strong>spectatores</strong></span> <span class='ocrx_word' id='word_1_193' title='bbox 967 2797 1142 2845; x_wconf 88' lang='lat' dir='ltr'><strong>conversus</strong></span> <span class='ocrx_word' id='word_1_194' title='bbox 1172 2789 1409 2861; x_wconf 86' lang='lat' dir='ltr'><strong>argumentum</strong></span> 
     </span>
     <span class='ocr_line' id='line_1_24' title="bbox 173 2885 1407 2969; baseline 0.005 -17"><span class='ocrx_word' id='word_1_195' title='bbox 173 2886 337 2953; x_wconf 89' lang='lat' dir='ltr'><strong>narrando</strong></span> <span class='ocrx_word' id='word_1_196' title='bbox 354 2886 496 2967; x_wconf 87' lang='lat' dir='ltr'><strong>exponit.</strong></span> <span class='ocrx_word' id='word_1_197' title='bbox 530 2885 600 2951; x_wconf 92' lang='lat' dir='ltr'><strong>Iam</strong></span> <span class='ocrx_word' id='word_1_198' title='bbox 616 2886 756 2952; x_wconf 89' lang='lat' dir='ltr'><strong>redeunt</strong></span> <span class='ocrx_word' id='word_1_199' title='bbox 772 2885 814 2951; x_wconf 92' lang='lat' dir='ltr'><strong>ad</strong></span> <span class='ocrx_word' id='word_1_200' title='bbox 829 2886 999 2952; x_wconf 89' lang='lat' dir='ltr'><strong>actionem.</strong></span> <span class='ocrx_word' id='word_1_201' title='bbox 1032 2887 1148 2968; x_wconf 91' lang='lat' dir='ltr'><strong>ltaque</strong></span> <span class='ocrx_word' id='word_1_202' title='bbox 1164 2887 1236 2969; x_wconf 89' lang='lat' dir='ltr'><strong>ipsa</strong></span> <span class='ocrx_word' id='word_1_203' title='bbox 1252 2892 1407 2958; x_wconf 86' lang='lat' dir='ltr'><strong>narratio</strong></span> 
     </span>
     <span class='ocr_line' id='line_1_25' title="bbox 175 2992 1407 3076; baseline 0.006 -19"><span class='ocrx_word' id='word_1_204' title='bbox 175 2993 267 3076; x_wconf 90' lang='lat' dir='ltr'><strong>quasi</strong></span> <span class='ocrx_word' id='word_1_205' title='bbox 289 2992 420 3058; x_wconf 89' lang='lat' dir='ltr'><strong>velatur</strong></span> <span class='ocrx_word' id='word_1_206' title='bbox 442 2992 570 3059; x_wconf 87' lang='lat' dir='ltr'><strong>scaenis</strong></span> <span class='ocrx_word' id='word_1_207' title='bbox 585 3012 663 3060; x_wconf 80' lang='lat' dir='ltr'><strong>uere</strong></span> <span class='ocrx_word' id='word_1_208' title='bbox 687 2993 884 3059; x_wconf 90' lang='lat' dir='ltr'><strong>dramaticis.</strong></span> <span class='ocrx_word' id='word_1_209' title='bbox 904 2994 1111 3059; x_wconf 86' lang='lat' dir='ltr'><strong>—Proxime</strong></span> <span class='ocrx_word' id='word_1_210' title='bbox 1135 2994 1218 3060; x_wconf 92' lang='lat' dir='ltr'><strong>hanc</strong></span> <span class='ocrx_word' id='word_1_211' title='bbox 1241 2995 1283 3060; x_wconf 91' lang='lat' dir='ltr'><strong>ad</strong></span> <span class='ocrx_word' id='word_1_212' title='bbox 1299 3000 1407 3064; x_wconf 89' lang='lat' dir='ltr'><strong>ratio-</strong></span> 
     </span>
     <span class='ocr_line' id='line_1_26' title="bbox 173 3096 1405 3184; baseline 0.005 -18"><span class='ocrx_word' id='word_1_213' title='bbox 173 3120 245 3167; x_wconf 88' lang='lat' dir='ltr'><strong>nem</strong></span> <span class='ocrx_word' id='word_1_214' title='bbox 266 3100 380 3166; x_wconf 79' lang='lat' dir='ltr'><strong>Avium</strong></span> <span class='ocrx_word' id='word_1_215' title='bbox 405 3099 561 3182; x_wconf 87' lang='lat' dir='ltr'><strong>prologus</strong></span> <span class='ocrx_word' id='word_1_216' title='bbox 586 3098 720 3179; x_wconf 87' lang='lat' dir='ltr'><strong>accedit,</strong></span> <span class='ocrx_word' id='word_1_217' title='bbox 745 3096 801 3163; x_wconf 90' lang='lat' dir='ltr'><strong>ubi</strong></span> <span class='ocrx_word' id='word_1_218' title='bbox 824 3104 932 3165; x_wconf 87' lang='lat' dir='ltr'><strong>tamen</strong></span> <span class='ocrx_word' id='word_1_219' title='bbox 956 3118 1015 3166; x_wconf 90' lang='lat' dir='ltr'><strong>eae</strong></span> <span class='ocrx_word' id='word_1_220' title='bbox 1038 3119 1197 3181; x_wconf 87' lang='lat' dir='ltr'><strong>personae</strong></span> <span class='ocrx_word' id='word_1_221' title='bbox 1223 3121 1306 3184; x_wconf 91' lang='lat' dir='ltr'><strong>quae</strong></span> <span class='ocrx_word' id='word_1_222' title='bbox 1332 3124 1405 3172; x_wconf 87' lang='lat' dir='ltr'><strong>rem</strong></span> 
     </span>
     <span class='ocr_line' id='line_1_27' title="bbox 174 3206 1406 3289; baseline 0.007 -18"><span class='ocrx_word' id='word_1_223' title='bbox 174 3206 350 3288; x_wconf 89' lang='lat' dir='ltr'><strong>expediunt</strong></span> <span class='ocrx_word' id='word_1_224' title='bbox 381 3206 555 3288; x_wconf 88' lang='lat' dir='ltr'><strong>primarias</strong></span> <span class='ocrx_word' id='word_1_225' title='bbox 586 3213 699 3289; x_wconf 88' lang='lat' dir='ltr'><strong>partes</strong></span> <span class='ocrx_word' id='word_1_226' title='bbox 726 3211 848 3271; x_wconf 91' lang='lat' dir='ltr'><strong>tenent.</strong></span> <span class='ocrx_word' id='word_1_227' title='bbox 896 3207 1021 3272; x_wconf 90' lang='lat' dir='ltr'><strong>Deinde</strong></span> <span class='ocrx_word' id='word_1_228' title='bbox 1052 3207 1165 3274; x_wconf 90' lang='lat' dir='ltr'><strong>eodem</strong></span> <span class='ocrx_word' id='word_1_229' title='bbox 1196 3210 1289 3275; x_wconf 93' lang='lat' dir='ltr'><strong>modo</strong></span> <span class='ocrx_word' id='word_1_230' title='bbox 1314 3231 1406 3280; x_wconf 93' lang='lat' dir='ltr'><strong>com·</strong></span> 
     </span>
     <span class='ocr_line' id='line_1_28' title="bbox 171 3310 1405 3396; baseline 0.011 -18"><span class='ocrx_word' id='word_1_231' title='bbox 171 3320 321 3396; x_wconf 91' lang='lat' dir='ltr'><strong>paratam</strong></span> <span class='ocrx_word' id='word_1_232' title='bbox 356 3312 458 3379; x_wconf 89' lang='lat' dir='ltr'><strong>fuisse</strong></span> <span class='ocrx_word' id='word_1_233' title='bbox 491 3312 637 3379; x_wconf 87' lang='lat' dir='ltr'><strong>Platonis</strong></span> <span class='ocrx_word' id='word_1_234' title='bbox 672 3310 850 3394; x_wconf 89' lang='lat' dir='ltr'><strong>Hyperboli</strong></span> <span class='ocrx_word' id='word_1_235' title='bbox 893 3313 1129 3394; x_wconf 88' lang='lat' dir='ltr'><strong>expositionem</strong></span> <span class='ocrx_word' id='word_1_236' title='bbox 1172 3317 1327 3387; x_wconf 91' lang='lat' dir='ltr'><strong>discimus</strong></span> <span class='ocrx_word' id='word_1_237' title='bbox 1363 3344 1405 3390; x_wconf 90' lang='lat' dir='ltr'><strong>ex</strong></span> 
     </span>
     <span class='ocr_line' id='line_1_29' title="bbox 172 3418 1402 3512; baseline 0.011 -26"><span class='ocrx_word' id='word_1_238' title='bbox 172 3420 293 3487; x_wconf 88' lang='lat' dir='ltr'><strong>scholio</strong></span> <span class='ocrx_word' id='word_1_239' title='bbox 317 3423 358 3487; x_wconf 90' lang='lat' dir='ltr'><strong>ad</strong></span> <span class='ocrx_word' id='word_1_240' title='bbox 383 3420 612 3502; x_wconf 83' lang='lat' dir='ltr'><strong>Aristophanis</strong></span> <span class='ocrx_word' id='word_1_241' title='bbox 637 3418 1048 3502; x_wconf 84' lang='lat' dir='ltr'><strong>Thesmophoriazusarum</strong></span> <span class='ocrx_word' id='word_1_242' title='bbox 1073 3443 1102 3487; x_wconf 86' lang='grc' dir='ltr'><strong>ν.</strong></span> <span class='ocrx_word' id='word_1_243' title='bbox 1128 3423 1192 3488; x_wconf 89' lang='lat'><strong>808</strong></span> <span class='ocrx_word' id='word_1_244' title='bbox 1220 3427 1402 3512; x_wconf 91' lang='lat' dir='ltr'><strong>adscripto.</strong></span> 
     </span>
     <span class='ocr_line' id='line_1_30' title="bbox 171 3527 1404 3617; baseline 0.006 -22"><span class='ocrx_word' id='word_1_245' title='bbox 171 3529 221 3596; x_wconf 93' lang='lat' dir='ltr'><strong>Ibi</strong></span> <span class='ocrx_word' id='word_1_246' title='bbox 252 3530 336 3597; x_wconf 91' lang='lat' dir='ltr'><strong>enim</strong></span> <span class='ocrx_word' id='word_1_247' title='bbox 372 3532 412 3597; x_wconf 91' lang='lat' dir='ltr'><strong>de</strong></span> <span class='ocrx_word' id='word_1_248' title='bbox 439 3530 584 3617; x_wconf 85' lang='grc' dir='ltr'>Εὐβοὺλη</span> <span class='ocrx_word' id='word_1_249' title='bbox 619 3530 747 3595; x_wconf 90' lang='lat' dir='ltr'><strong>nomine</strong></span> <span class='ocrx_word' id='word_1_250' title='bbox 782 3527 862 3595; x_wconf 89' lang='lat' dir='ltr'><strong>haec</strong></span> <span class='ocrx_word' id='word_1_251' title='bbox 898 3529 1074 3596; x_wconf 87' lang='lat' dir='ltr'><strong>scholiasta</strong></span> <span class='ocrx_word' id='word_1_252' title='bbox 1108 3529 1204 3595; x_wconf 91' lang='lat' dir='ltr'><strong>dicit:</strong></span> <span class='ocrx_word' id='word_1_253' title='bbox 1244 3534 1303 3596; x_wconf 86' lang='grc' dir='ltr'><strong>οὐκ</strong></span> <span class='ocrx_word' id='word_1_254' title='bbox 1336 3538 1404 3604; x_wconf 78' lang='grc' dir='ltr'>ἔστι</span> 
     </span>
     <span class='ocr_line' id='line_1_31' title="bbox 171 3633 1404 3724; baseline 0.008 -22"><span class='ocrx_word' id='word_1_255' title='bbox 171 3637 267 3723; x_wconf 84' lang='grc' dir='ltr'>σαφές</span> <span class='ocrx_word' id='word_1_256' title='bbox 299 3638 380 3724; x_wconf 89' lang='lat' dir='ltr'><strong>(scil.</strong></span> <span class='ocrx_word' id='word_1_257' title='bbox 410 3639 488 3720; x_wconf 92' lang='lat' dir='ltr'><strong>quid</strong></span> <span class='ocrx_word' id='word_1_258' title='bbox 527 3640 606 3704; x_wconf 86' lang='lat' dir='ltr'><strong>velit</strong></span> <span class='ocrx_word' id='word_1_259' title='bbox 638 3635 718 3702; x_wconf 92' lang='lat' dir='ltr'><strong>illud</strong></span> <span class='ocrx_word' id='word_1_260' title='bbox 750 3639 887 3720; x_wconf 89' lang='lat' dir='ltr'><strong>nomen)·</strong></span> <span class='ocrx_word' id='word_1_261' title='bbox 907 3633 996 3700; x_wconf 57' lang='lat' dir='ltr'><strong>&lt;aar</strong></span> <span class='ocrx_word' id='word_1_262' title='bbox 1029 3637 1101 3701; x_wconf 81' lang='grc' dir='ltr'>οὐδὲ</span> <span class='ocrx_word' id='word_1_263' title='bbox 1133 3642 1220 3724; x_wconf 85' lang='grc' dir='ltr'>παρὰ</span> <span class='ocrx_word' id='word_1_264' title='bbox 1251 3640 1404 3712; x_wconf 78' lang='grc' dir='ltr'>Πλάτωνι</span> 
     </span>
     <span class='ocr_line' id='line_1_32' title="bbox 171 3744 1403 3833; baseline 0.006 -25"><span class='ocrx_word' id='word_1_265' title='bbox 171 3745 203 3809; x_wconf 87' lang='grc' dir='ltr'><strong>έν</strong></span> <span class='ocrx_word' id='word_1_266' title='bbox 227 3754 270 3830; x_wconf 85' lang='grc' dir='ltr'><strong>τῷ</strong></span> <span class='ocrx_word' id='word_1_267' title='bbox 293 3744 480 3833; x_wconf 81' lang='grc' dir='ltr'>Ὑπερβόλῳ·</span> <span class='ocrx_word' id='word_1_268' title='bbox 510 3745 595 3831; x_wconf 85' lang='grc' dir='ltr'>λέγει</span> <span class='ocrx_word' id='word_1_269' title='bbox 616 3745 678 3830; x_wconf 81' lang='grc' dir='ltr'><strong>γάρ</strong></span> <span class='ocrx_word' id='word_1_270' title='bbox 707 3765 736 3808; x_wconf 86' lang='grc' dir='ltr'><strong>τι</strong></span> <span class='ocrx_word' id='word_1_271' title='bbox 759 3746 828 3828; x_wconf 76' lang='grc' dir='ltr'>περὶ</span> <span class='ocrx_word' id='word_1_272' title='bbox 860 3754 914 3808; x_wconf 81' lang='grc' dir='ltr'><strong>τοῦ</strong></span> <span class='ocrx_word' id='word_1_273' title='bbox 937 3744 1159 3830; x_wconf 79' lang='grc' dir='ltr'>έπιλαγχάνειν</span> <span class='ocrx_word' id='word_1_274' title='bbox 1183 3756 1246 3823; x_wconf 85' lang='grc' dir='ltr'>τοῖς</span> <span class='ocrx_word' id='word_1_275' title='bbox 1269 3748 1403 3833; x_wconf 84' lang='grc' dir='ltr'>βουλευ·</span> 
     </span>
    </p>
   </div>
   <div class='ocr_carea' id='block_1_5' title="bbox 170 3851 1074 4038">
    <p class='ocr_par' dir='ltr' id='par_1_6' title="bbox 170 3851 1074 4038">
     <span class='ocr_line' id='line_1_33' title="bbox 170 3851 1074 4038; baseline 0.111 -115"><span class='ocrx_word' id='word_1_276' title='bbox 170 3872 237 3928; x_wconf 59' lang='lat' dir='ltr'><strong>wls</strong></span> <span class='ocrx_word' id='word_1_277' title='bbox 261 3851 337 3937; x_wconf 53' lang='lat' dir='ltr'><strong>(ffb</strong></span> <span class='ocrx_word' id='word_1_278' title='bbox 365 3855 438 3933; x_wconf 67' lang='lat'><strong>¹66</strong></span> <span class='ocrx_word' id='word_1_279' title='bbox 467 3853 542 3940; x_wconf 62' lang='lat'>167)</span> <span class='ocrx_word' id='word_1_280' title='bbox 701 3952 851 4038; x_wconf 58' lang='grc' dir='ltr'>εὐτυχεῖς,</span> <span class='ocrx_word' id='word_1_281' title='bbox 879 3950 905 4013; x_wconf 78' lang='grc' dir='ltr'><strong>ὡ</strong></span> <span class='ocrx_word' id='word_1_282' title='bbox 928 3950 1074 4016; x_wconf 78' lang='grc' dir='ltr'>δέσποτα</span> 
     </span>
    </p>
   </div>
   <div class='ocr_carea' id='block_1_6' title="bbox 169 4055 1167 4569">
    <p class='ocr_par' dir='ltr' id='par_1_7' title="bbox 169 4055 1167 4569">
     <span class='ocr_line' id='line_1_34' title="bbox 308 4055 1163 4148; baseline 0.003 -27.22"><span class='ocrx_word' id='word_1_283' title='bbox 308 4057 402 4121; x_wconf 79' lang='lat' dir='ltr'><strong>-cl</strong></span> <span class='ocrx_word' id='word_1_284' title='bbox 425 4055 467 4121; x_wconf 64' lang='grc' dir='ltr'><strong>δέ</strong></span> <span class='ocrx_word' id='word_1_285' title='bbox 452 4059 600 4140; x_wconf 67' lang='grc' dir='ltr'>ἔστις-</span> <span class='ocrx_word' id='word_1_286' title='bbox 602 4057 782 4144; x_wconf 75' lang='grc' dir='ltr'>’βουλεύειν</span> <span class='ocrx_word' id='word_1_287' title='bbox 806 4059 913 4146; x_wconf 75' lang='grc' dir='ltr'>ὀλίγον</span> <span class='ocrx_word' id='word_1_288' title='bbox 936 4060 1049 4148; x_wconf 81' lang='grc' dir='ltr'>ἔλαχες</span> <span class='ocrx_word' id='word_1_289' title='bbox 1072 4060 1163 4124; x_wconf 82' lang='grc' dir='ltr'>πάνυ.</span> 
     </span>
     <span class='ocr_line' id='line_1_35' title="bbox 374 4165 1165 4254; baseline 0.006 -28"><span class='ocrx_word' id='word_1_290' title='bbox 374 4165 454 4249; x_wconf 82' lang='grc' dir='ltr'>ἀτὰρ</span> <span class='ocrx_word' id='word_1_291' title='bbox 477 4166 513 4228; x_wconf 88' lang='grc' dir='ltr'><strong>ου</strong></span> <span class='ocrx_word' id='word_1_292' title='bbox 537 4165 644 4253; x_wconf 79' lang='grc' dir='ltr'>λαχὼν</span> <span class='ocrx_word' id='word_1_293' title='bbox 668 4169 751 4252; x_wconf 82' lang='grc' dir='ltr'>ὅμως</span> <span class='ocrx_word' id='word_1_294' title='bbox 774 4167 897 4254; x_wconf 82' lang='grc' dir='ltr'>ἔλαχες,</span> <span class='ocrx_word' id='word_1_295' title='bbox 922 4169 960 4253; x_wconf 77' lang='grc' dir='ltr'><strong>ἢν</strong></span> <span class='ocrx_word' id='word_1_296' title='bbox 984 4178 1056 4233; x_wconf 86' lang='grc' dir='ltr'>νοῦν</span> <span class='ocrx_word' id='word_1_297' title='bbox 1080 4169 1165 4254; x_wconf 77' lang='grc' dir='ltr'>ἔχῃς</span> 
     </span>
     <span class='ocr_line' id='line_1_36' title="bbox 308 4270 1167 4361; baseline 0.009 -30"><span class='ocrx_word' id='word_1_298' title='bbox 308 4304 350 4315; x_wconf 90' lang='lat'><strong>-—</strong></span> <span class='ocrx_word' id='word_1_299' title='bbox 374 4291 440 4344; x_wconf 83' lang='grc' dir='ltr'><strong>πως</strong></span> <span class='ocrx_word' id='word_1_300' title='bbox 464 4270 502 4354; x_wconf 78' lang='grc' dir='ltr'><strong>ἢν</strong></span> <span class='ocrx_word' id='word_1_301' title='bbox 527 4271 591 4357; x_wconf 83' lang='grc' dir='ltr'><strong>ἔχω</strong></span> <span class='ocrx_word' id='word_1_302' title='bbox 615 4281 704 4354; x_wconf 83' lang='grc' dir='ltr'>νοῠν;</span> <span class='ocrx_word' id='word_1_303' title='bbox 729 4309 768 4320; x_wconf 86' lang='lat'><em>-</em></span> <span class='ocrx_word' id='word_1_304' title='bbox 795 4275 842 4338; x_wconf 80' lang='grc' dir='ltr'><strong>ὅτι</strong></span> <span class='ocrx_word' id='word_1_305' title='bbox 865 4283 990 4361; x_wconf 83' lang='grc' dir='ltr'>πονηρῷ</span> <span class='ocrx_word' id='word_1_306' title='bbox 1014 4277 1067 4339; x_wconf 77' lang='grc' dir='ltr'><strong>καὶ</strong></span> <span class='ocrx_word' id='word_1_307' title='bbox 1092 4273 1167 4360; x_wconf 83' lang='grc' dir='ltr'>ξένῳ</span> 
     </span>
     <span class='ocr_line' id='line_1_37' title="bbox 373 4375 1070 4468; baseline 0.009 -29"><span class='ocrx_word' id='word_1_308' title='bbox 373 4375 526 4463; x_wconf 79' lang='grc' dir='ltr'>ἐπέλαχες</span> <span class='ocrx_word' id='word_1_309' title='bbox 549 4378 646 4464; x_wconf 82' lang='grc' dir='ltr'>ἀνδρί,</span> <span class='ocrx_word' id='word_1_310' title='bbox 670 4379 792 4444; x_wconf 79' lang='grc' dir='ltr'>οὐδέπω</span> <span class='ocrx_word' id='word_1_311' title='bbox 816 4384 878 4468; x_wconf 84' lang='grc' dir='ltr'><strong>γὰρ</strong></span> <span class='ocrx_word' id='word_1_312' title='bbox 901 4382 1070 4467; x_wconf 70' lang='grc' dir='ltr'>ἐλευθέρῳ.</span> 
     </span>
     <span class='ocr_line' id='line_1_38' title="bbox 169 4482 414 4569; baseline 0.004 -23"><span class='ocrx_word' id='word_1_313' title='bbox 169 4483 221 4546; x_wconf 76' lang='grc' dir='ltr'><strong>καὶ</strong></span> <span class='ocrx_word' id='word_1_314' title='bbox 246 4482 278 4546; x_wconf 82' lang='grc' dir='ltr'><strong>ἐν</strong></span> <span class='ocrx_word' id='word_1_315' title='bbox 302 4484 414 4569; x_wconf 80' lang='grc' dir='ltr'>ταύτῷ·</span> 
     </span>
    </p>
   </div>
   <div class='ocr_carea' id='block_1_7' title="bbox 0 0 1460 4942">
    <p class='ocr_par' dir='ltr' id='par_1_8' title="bbox 0 0 1460 4942">
     <span class='ocr_line' id='line_1_39' title="bbox 0 0 1460 4942; baseline 0 4"><span class='ocrx_word' id='word_1_316' title='bbox 0 0 1460 4942; x_wconf 95' lang='lat' dir='ltr'><strong> </strong></span> 
     </span>
    </p>
   </div>
  </div>
 </body>
</html>
