2910 4942
629 175 826 258 μῆ...

252 381 292 436 έ-
318 386 435 473 ἄπερρ’·
460 388 522 475 ἐγὼ
543 387 643 474 ’δ’ὑμῖν
666 391 702 452 τὸ
725 399 856 475 πρᾶγμα
879 388 917 474 δὴ
941 389 1061 474 φράσω*

317 493 496 581 Ὑπερβόλῳ
521 493 635 580 βουλῆς
659 495 731 580 γάρ,
755 493 873 578 ἄνδρες,
897 495 1063 582 ἐπέλαχον.

115 606 163 671 De
197 603 373 685 fragmenti
413 605 445 667 in
486 601 598 667 fabula
631 604 762 683 integra
796 603 874 668 sede
912 609 1002 668 recte
1036 605 1099 669 viri
1132 607 1217 673 docti
1252 600 1335 674 iudi·

114 718 277 777 caverunt.
325 711 464 776 Initium·
487 709 590 791 igitur
613 707 820 792 Hyperbolus
855 729 981 792 quoque
1015 730 1033 777 a
1064 711 1210 778 diverbio
1235 706 1337 797 cepit}

114 818 313 901 sequebatur
345 817 530 898 argumenti
563 815 720 880 narratio.
784 816 995 882 Memorabile
1027 825 1136 884 autem
1168 827 1220 886 est
1253 822 1339 904 quod

113 927 193 992 haec
216 923 327 991 fabula
351 924 463 990 eodem
486 922 557 989 fere
582 930 729 1005 tempore
754 924 852 1006 (circa
869 944 987 990 annum
1003 927 1082 1011 418)
1107 935 1183 995 acta
1207 936 1258 995 est
1274 948 1337 1012 quo
1439 980 1443 987 .

114 1033 374 1115 Aristophaneae
397 1032 474 1097 illae
498 1049 636 1112 quarum
660 1031 814 1112 prologos
838 1032 974 1098 similem
1001 1033 1034 1097 in
1059 1036 1186 1101 modum
1211 1055 1338 1119 compa·

113 1145 204 1205 ratos
240 1158 312 1205 esse
347 1139 495 1205 vidimus.
551 1141 594 1206 Et
629 1139 676 1205 illi
708 1139 848 1221 tempori
883 1140 1027 1206 eiusdem
1062 1137 1206 1208 Platonis
1241 1144 1338 1210 aliam

115 1239 241 1330 quoque
261 1245 415 1326 fabulam,
443 1247 687 1330 Symmachum,
712 1247 773 1311 viri
797 1248 883 1312 docti
906 1245 1056 1314 tribuunt
1079 1267 1174 1330 quam
1203 1251 1338 1317 similem

115 1355 283 1435 prologum
312 1351 467 1420 habuisse
498 1352 699 1420 efficiendum
723 1354 853 1419 videtur
876 1373 915 1419 en
948 1355 1012 1428 illis
1045 1375 1128 1438 quae
1152 1356 1338 1424 Priscianus

116 1462 167 1539 18,
193 1461 257 1525 170
281 1460 397 1528 affert:
427 1465 557 1524 abundat
579 1467 655 1524 enim
678 1461 749 1548 γάρ·
773 1460 906 1525 Πλάτων
930 1462 951 1546 ἢ
975 1461 1146 1547 Κάνθαρος
1169 1462 1339 1551 Συμμαχίᾳ

113 1570 210 1645 οὕτως
235 1567 350 1653 ἤρξατο
375 1567 451 1653 (frg.
479 1568 565 1652 152)·

499 1675 563 1761 ἐγὼ
586 1679 646 1761 γὰρ
670 1677 741 1760 ὑμῖν
765 1676 804 1760 ἢν
827 1675 947 1759 φράσω.

113 1780 211 1846 Certe
244 1780 322 1847 illud
360 1782 423 1846 iam
456 1781 601 1849 videmus
633 1784 715 1849 hanc
745 1784 926 1849 comoedias
958 1783 1144 1850 exordiendi
1176 1783 1336 1851 rationem

113 1907 153 1952 ea
176 1887 378 1968 potissimum
403 1894 512 1954 aetate
536 1891 602 1956 late
625 1890 781 1973 patuisse.

221 1995 449 2073 Quaerendum
487 2016 571 2062 nunc
610 2003 661 2063 est
699 1998 784 2063 unde
828 1999 892 2063 duo
930 1997 1011 2063 haec
1050 1999 1178 2080 prologi
1217 2018 1339 2080 genera

114 2100 275 2167 fluxerint.
331 2104 438 2185 Atque
469 2104 587 2185 prioris
620 2105 750 2186 quidem
781 2105 868 2170 illins
902 2093 988 2187 quod
1012 2104 1274 2172 Acharnensibus
1306 2114 1340 2173 et

114 2209 261 2276 Nubibus
293 2210 531 2292 Aristophanes
561 2210 710 2278 adhibuit
739 2228 821 2293 quae
856 2211 899 2275 sit
928 2210 1020 2291 origo
1050 2214 1257 2293 apertissime
1288 2233 1339 2280 co-

114 2317 292 2398 gnoscitur.
324 2319 490 2384 Personae
508 2321 674 2386 enimeae
691 2338 774 2402 quae
791 2319 915 2401 primae
934 2317 966 2381 in
991 2336 1139 2383 scaenam
1157 2321 1339 2401 procedunt

116 2425 332 2490 lamentantes
368 2433 534 2507 exponunt
570 2428 700 2509 quantis
731 2426 825 2493 malis
857 2423 993 2491 obrutae
1024 2426 1089 2492 sint
1114 2434 1339 2509 quaeruntque

114 2531 273 2612 quomodo
298 2551 337 2596 ex
360 2533 399 2598 iis
423 2533 565 2601 liberare
589 2554 662 2602 sese
678 2535 813 2617 possint.
849 2534 917 2598 lam
935 2532 962 2596 si
978 2530 1128 2598 conferas
1144 2534 1226 2600 tales
1243 2536 1339 2600 Euri·

113 2637 198 2719 pidis
222 2641 374 2720 prologos
398 2640 510 2720 quales
535 2649 611 2706 sunt
633 2639 882 2707 Heraclidarum
906 2637 1152 2703 Andromachae
1176 2639 1338 2720 Herculis,

113 2763 177 2809 non
201 2743 366 2811 dubitabis
397 2743 475 2828 quin
500 2747 734 2830 Aristophanes
759 2742 942 2811 huiusmodi
968 2742 1102 2809 exordia
1130 2751 1205 2811 ante
1230 2747 1340 2813 oculos

113 2851 275 2918 babuerit.
294 2890 337 2899 -
354 2850 506 2918 Liberius
522 2855 691 2936 magisque
704 2853 890 2920 comoediae
902 2852 1070 2932 proprium
1084 2851 1224 2917 alterum
1238 2873 1340 2933 genus

114 2963 175 3022 est.
222 2957 286 3022 Sed
318 2958 379 3022 hoc
409 2977 537 3040 quoque
569 2977 764 3041 quamquam
796 2959 945 3038 apoetis
970 2958 1098 3024 comicis
1130 2960 1276 3040 ipsorum
1306 2960 1340 3025 in

114 3083 208 3130 usum
231 3067 312 3131 satis
341 3072 500 3131 mutatum
533 3086 605 3133 esse
636 3073 776 3149 apparet
807 3064 965 3145 originem
989 3064 1130 3131 traxisse
1161 3065 1340 3147 putandum

114 3176 165 3237 est
188 3191 206 3236 e
229 3172 409 3253 tragoedia.
457 3171 549 3250 Quod
574 3171 710 3237 maxime
742 3190 780 3237 ex
804 3169 922 3250 Vespis
953 3179 987 3238 et
1010 3173 1094 3237 Pace
1123 3171 1339 3254 cognoscitur,

110 3279 169 3344 ubi
193 3297 307 3344 servus
339 3278 459 3344 domini
490 3277 636 3344 morbum
662 3278 775 3344 dolens
806 3287 1032 3358 argumentum
1062 3281 1202 3361 exponit.
1250 3280 1338 3346 Idem

114 3384 199 3450 enim
223 3385 261 3451 fit
283 3387 316 3451 iu
339 3385 572 3467 antiquissimis
596 3384 703 3452 tribus
727 3385 847 3452 fabulis
864 3386 1061 3468 Euripidem,
1086 3387 1209 3453 Alcesti
1224 3387 1341 3452 Medea

114 3492 299 3576 Hippolyto,
333 3512 416 3575 quae
440 3512 505 3558 non
528 3494 623 3560 modo
646 3493 760 3558 eodem
784 3490 855 3556 fere
882 3493 1040 3574 temporis
1064 3492 1171 3574 spatio
1195 3493 1340 3575 scriptae

114 3599 264 3666 suntsed
281 3600 379 3665 etiam
396 3601 427 3664 in
448 3601 561 3667 eodem
577 3606 780 3681 argumento,
805 3599 951 3665 mulieris
974 3601 1007 3665 in
1027 3598 1139 3666 morbo
1156 3607 1340 3667 versantur.

114 3707 163 3772 De
186 3725 261 3772 erae
291 3714 400 3774 autem
431 3708 616 3773 condicione
640 3714 843 3790 spectatores
874 3711 1033 3774 certiores
1061 3707 1142 3773 fiunt
1172 3709 1340 3774 anutrice

113 3813 287 3880 sollicita¹.

222 4028 231 4059 ¹
249 4027 359 4082 Adnoto
380 4027 452 4095 quod
470 4029 522 4082 hoc
541 4026 722 4097 expositionis
741 4043 825 4095 genus
846 4027 918 4081 inter
937 4041 1029 4080 omnes
1048 4024 1153 4079 fabulas
1174 4025 1341 4093 Sophocleas

113 4119 142 4172 in
161 4134 215 4172 una
229 4120 321 4186 Aiace,
342 4136 411 4187 quae
431 4121 526 4176 eodem
546 4119 604 4174 fere
623 4126 746 4189 tempore
765 4125 828 4172 acta
846 4133 907 4172 esse
926 4115 1042 4183 videtur,
1063 4115 1189 4182 occurrit,
1209 4114 1255 4167 ubi
1274 4115 1341 4169 Tec-

113 4221 203 4260 messa
227 4207 329 4260 similes
355 4213 447 4275 partos
471 4209 528 4276 agit
547 4215 629 4276 atque
648 4207 721 4276 apud
740 4206 900 4275 Euripidem
920 4207 1021 4262 nutrix.
1059 4205 1142 4258 Aliud
1161 4220 1268 4272 quoque
1287 4221 1341 4259 non

112 4295 251 4364 indignum
278 4302 320 4350 est
343 4298 415 4364 quod
441 4297 686 4353 animadvertatur:
711 4299 753 4353 his
773 4298 897 4353 omnibus
917 4297 987 4351 enim
1006 4297 1034 4349 in
1052 4296 1152 4351 fabulis
1171 4295 1266 4364 (Sopb.
1287 4293 1341 4358 Ai.,

107 4380 178 4438 Eur.
197 4383 257 4437 Alc.
276 4383 348 4437 Med.
367 4383 458 4452 Hipp,
478 4387 524 4441 Ar.
539 4387 620 4454 Vesp.
638 4385 712 4457 Pac.)
733 4401 836 4440 summa
855 4387 1006 4455 argumenti
1024 4387 1116 4455 posita
1134 4391 1176 4439 est
1194 4385 1222 4438 in
1242 4381 1338 4438 morbo

113 4471 171 4526 eius
197 4485 332 4539 personae
351 4485 419 4537 quae
437 4470 582 4539 prImarias
606 4478 699 4539 partos
725 4472 789 4540 agit.
828 4471 929 4527 Contra
953 4478 1114 4540 argumenta
1132 4471 1251 4527 omnium
1269 4478 1343 4522 cete·
