2910 4942
595 233 634 241 ..
683 196 725 260 57
775 235 814 243 ,..

10 216 14 247 l

10 258 14 305 l

10 328 13 355 l

10 378 12 415 ³
85 380 188 454 huius
211 379 341 470 generis
365 392 512 472 exempla
533 392 753 473 inveniuntur,
778 392 812 456 in
828 393 993 459 Alcestide
1014 377 1048 461 et
1070 394 1103 460 in
1125 392 1316 461 Troadibus.

10 478 12 495 '
83 489 208 597 Magni
232 501 341 563 autem
373 499 528 565 momenti
549 501 578 565 is
602 518 730 582 quoque
754 500 843 567 locus
867 487 919 566 est
942 501 997 582 qui
1021 501 1054 566 in
1078 502 1220 568 Hercule
1243 501 1318 568 inde
1365 574 1367 579 ,

81 611 105 659 a
132 620 163 669 1.
187 601 253 667 822
276 604 435 683 occurrit3
470 602 516 669 ibi
547 604 631 670 enim
655 605 718 670 Iris
742 603 865 671 Λύτταν
895 606 991 672 simili
1015 607 1110 673 modo
1134 607 1165 672 in
1190 609 1318 674 domum

78 700 243 777 Herculis
266 711 356 777 ducit
380 730 442 794 quo
459 711 492 777 in
509 712 695 777 Trinummo
712 713 857 779 Luxuria
873 703 1019 795 Inopiam
1035 714 1076 778 ad
1094 712 1317 781 Lesbonicum.

197 922 323 990 Deinde
352 922 393 988 iis
417 922 457 988 de
482 923 581 990 rebus
605 926 765 1007 agendum
790 932 840 992 est
864 945 948 1009 quae
968 946 1031 992 non
1056 928 1151 994 unius
1168 929 1319 996 alterius-

73 1035 130 1091 ve
153 1047 310 1111 generum
332 1030 461 1095 illorum
485 1050 568 1112 quae
593 1032 937 1114 attulimus-propriae
962 1040 1048 1114 sunt,
1073 1037 1130 1101 aed
1155 1054 1226 1101 cum
1250 1036 1320 1101 uni·

71 1140 188 1202 Versa
222 1137 348 1218 prologi
383 1137 490 1202 indole
526 1139 711 1206 cohaerent.
768 1140 851 1205 Sunt
889 1147 998 1207 autem
1039 1161 1096 1208 eae
1135 1142 1168 1207 in
1203 1129 1320 1222 quibus

67 1243 268 1325 Praecipue
291 1244 399 1326 posita
423 1251 474 1310 est
497 1245 633 1311 mutatio
657 1245 715 1310 illa
739 1265 835 1329 quam
852 1248 884 1312 in
901 1229 1045 1331 prologis
1069 1248 1224 1332 paulatim
1249 1245 1320 1313 fieri

66 1348 246 1418 videmus.
270 1442 273 1447 4
294 1354 416 1419 Poetae
439 1354 524 1418 enim
546 1352 664 1420 Graeci
687 1354 721 1419 id
745 1361 856 1436 agunt,
882 1364 919 1421 ut
942 1375 1012 1422 eam
1036 1354 1166 1422 fabulae
1190 1360 1320 1437 partem

65 1466 156 1535 qua
175 1470 240 1526 'res
271 1461 313 1527 ad
344 1461 516 1542 sequentia
548 1459 769 1543 intellegenda
799 1463 1006 1529 necessariae
1036 1463 1199 1529 narrando
1224 1481 1320 1543 expo-

63 1570 215 1634 nentur
237 1569 342 1651 magis
366 1569 534 1651 magisque
565 1587 584 1633 a
613 1575 724 1634 cetera
755 1568 866 1634 fabula
897 1569 1093 1652 disiungant.
1119 1606 1163 1617 -
1188 1566 1320 1634 Profici-

61 1677 246 1742 scendum
260 1683 379 1743 'autem
395 1681 447 1742 est
461 1694 481 1740 a
496 1676 667 1756 tragoedia
684 1675 863 1763 Euripidea
879 1683 913 1741 et
929 1677 969 1742 ab
993 1675 1129 1758 antiquo
1145 1673 1320 1752 comoedia,

62 1793 231 1864 quarum
263 1784 473 1867 inutraque,
499 1782 585 1865 quod
611 1783 739 1865 quidem
769 1782 810 1849 ad
834 1791 1000 1849 externam
1027 1784 1167 1867 speciem
1192 1781 1320 1859 attinet,

60 1890 249 1973 prologus
280 1909 351 1956 cum
381 1888 493 1955 fabula
517 1888 681 1956 cohaeret.
729 1889 929 1972 Quamquam
955 1891 982 1956 si
1006 1890 1110 1971 ipsam
1137 1908 1206 1955 rem
1230 1906 1321 1969 spec-

59 1998 201 2064 tamus
232 1997 318 2078 apud
347 1996 421 2062 illos
453 2015 580 2079 quoque
613 2004 727 2078 poetas
758 1998 896 2077 vestigia
927 2017 990 2062 nou
1015 2015 1118 2079 pauca
1142 1996 1211 2062 eins
1236 1996 1321 2078 quod

65 2106 233 2172 diximus
263 2104 458 2170 discriminis
489 2104 554 2168 iam
581 2103 683 2169 statui
706 2111 853 2185 possunt.
901 2104 984 2169 Sunt
1007 2109 1116 2168 autem
1140 2121 1251 2168 omncs
1274 2102 1322 2167 illi

64 2207 155 2279 loci
179 2209 295 2295 quibus
318 2212 347 2276 is
371 2212 427 2293 qui
450 2209 629 2296 προλογίζει
653 2229 716 2276 non
740 2229 816 2276 suaa
839 2211 872 2274 in
888 2209 1000 2276 fabula
1023 2216 1136 2292 partes
1160 2211 1239 2291 agit,
1264 2208 1322 2273 sed

74 2316 195 2385 verba
225 2317 305 2385 facit
329 2324 448 2400 poetae
471 2318 551 2396 loco,
581 2319 635 2400 qui
660 2322 862 2398 spectatores
885 2314 962 2384 ante
985 2319 1090 2399 ipsam
1113 2315 1258 2384 fabulam
1282 2316 1322 2381 de

60 2426 194 2505 ,rebus
225 2426 417 2510 quibusdam
449 2427 588 2492 monitos
612 2427 690 2491 vult.
737 2426 900 2492 Nonnulla
930 2425 1025 2490 huius
1057 2424 1186 2505 generis
1211 2442 1322 2505 quam·

82 2553 191 2618 quam
215 2542 304 2601 tecta
328 2536 413 2617 apud
437 2534 542 2615 ipsum
559 2536 623 2598 iam
641 2533 834 2614 Sophoclem
857 2532 1082 2597 inveniuntur:
1107 2530 1139 2594 in
1164 2530 1322 2612 posterio-

82 2643 185 2708 ribus
208 2641 293 2707 enhn
317 2643 454 2707 maxime
478 2640 596 2706 fabulis
616 2639 713 2721 (Phil.
731 2638 795 2723 El.)
821 2657 884 2703 non
908 2638 1027 2703 desunt
1050 2637 1111 2709 loci
1135 2635 1252 2719 quibus
1270 2654 1323 2701 res

87 2746 307 2832 proferantur
331 2768 468 2831 quarum
493 2748 613 2813 mentio
637 2764 700 2810 non
724 2763 938 2827 personarum
962 2745 1128 2826 agentium
1152 2744 1210 2809 sed
1233 2759 1324 2824 spec·

90 2863 238 2922 totorum
263 2875 363 2921 causa
386 2854 431 2921 lit.
479 2856 583 2920 Multo
609 2854 712 2934 magia
737 2859 845 2918 autem
870 2851 931 2918 hoc
964 2852 1071 2917 elucet
1100 2852 1132 2916 in
1157 2848 1324 2931 Euripidis

94 2961 233 3042 fabulis,
272 2964 420 3045 inprimis
455 2964 488 3028 in
523 2961 588 3027 illis
628 2978 712 3041 quae
747 2959 931 3040 posteriore
967 2964 1077 3024 aetate
1112 2963 1204 3022 actae
1236 2961 1322 3020 sunt.

95 3069 215 3135 Mirum
246 3077 354 3136 autem
386 3069 560 3136 discrimen
590 3066 765 3133 intercedit
793 3068 881 3132 inter
905 3065 1050 3147 singulas
1075 3063 1180 3147 quinti
1203 3052 1340 3128 saeculi

97 3177 296 3244 comoedias:
321 3178 415 3242 modo
436 3177 520 3242 enim
537 3193 654 3257 poetae
670 3174 718 3239 illi
734 3192 860 3238 summa
875 3191 947 3237 cum
964 3179 1037 3239 arte
1053 3192 1121 3237 rem
1139 3170 1323 3247 instituunt,

97 3283 143 3349 ita
168 3289 204 3350 ut
227 3283 333 3349 omnia
357 3302 439 3365 quae
464 3283 616 3349 dicuntur
639 3281 784 3363 fiuntque
809 3300 848 3346 ex
864 3279 1026 3344 hominum
1051 3279 1106 3360 qui
1130 3296 1199 3342 rem
1223 3280 1325 3358 agunt

98 3390 203 3455 indole
234 3391 419 3456 condicione
451 3390 568 3457 affectu
599 3397 776 3456 nascantur
806 3407 912 3470 neque
943 3386 1070 3452 omnino
1102 3388 1324 3466 spectatorum

99 3497 183 3562 ratio
207 3496 274 3562 ulla
297 3496 412 3564 haberi
436 3498 586 3564 videatur
609 3500 676 3579 (Ar.
703 3499 777 3580 Lys.
802 3498 881 3562 Rau.
908 3494 1017 3576 aliae),
1050 3492 1143 3557 modo
1166 3486 1324 3554 verisimi-

99 3603 267 3670 litudinem
302 3624 438 3686 prorsus
476 3625 538 3671 non
579 3613 695 3671 curant
730 3606 865 3686 (vesp).
902 3638 944 3650 —
980 3598 1177 3665 Posterioris
1216 3601 1325 3662 antem

100 3712 218 3778 aetatis
249 3720 366 3795 poetae
397 3713 509 3780 comici
540 3731 577 3778 eo
602 3732 705 3796 usque
729 3713 920 3794 procedunt,
956 3715 994 3773 ut
1016 3706 1096 3772 nihil
1120 3707 1181 3771 iam
1207 3703 1325 3770 vinculi

99 3817 185 3883 inter
209 3819 380 3900 prologum
403 3826 437 3884 et
460 3820 562 3902 ipsius
586 3818 717 3885 tabulae
741 3826 887 3884 tenorem
913 3834 985 3881 esse
1009 3816 1124 3880 soleat.

205 3927 273 3991 Iam
298 3927 399 3992 affero
423 3931 594 3995 nonnullas
620 3947 733 3995 earum
757 3946 866 3993 rerum
892 3943 974 4007 quae
998 3923 1061 3988 huc
1084 3921 1264 4006 pertinent:

205 4033 321 4099 Prodit
353 4034 407 4099 ille
441 4035 495 4117 qui
528 4035 705 4121 προλογίζει
738 4030 979 4115 spectatoribus
1012 4049 1075 4095 non
1105 4028 1199 4093 modo
1233 4044 1326 4111 suum

99 4158 225 4218 nomen,
251 4160 346 4222 quam
378 4162 447 4208 rem
472 4162 572 4225 supra
595 4143 658 4208 iarn
684 4141 859 4222 tetigimus,
885 4138 944 4203 sed
969 4136 1066 4203 etiam
1091 4138 1228 4202 aliarum
1250 4151 1325 4215 per-

101 4265 253 4311 sonarum
276 4266 360 4329 quae
385 4253 442 4311 aut
466 4249 585 4314 adsunt
608 4247 661 4334 (cf.
679 4247 757 4312 Eur.
776 4247 873 4312 Herc.
898 4246 975 4325 19,
1001 4244 1111 4326 Suppl.
1136 4263 1165 4308 1.
1190 4242 1243 4319 21,
1269 4244 1325 4306 Ar.

100 4355 196 4436 Vesp.
232 4355 274 4419 67
309 4373 356 4437 sq.
391 4354 455 4420 133
489 4355 552 4438 sq.)
586 4363 643 4422 aut
675 4361 790 4437 postea
823 4355 953 4421 venient
985 4354 1076 4436 (Eur.
1109 4353 1166 4417 Ion
1199 4348 1243 4413 80
1266 4364 1325 4428 sq„

101 4461 213 4528 comici
237 4462 413 4547 Phrynichi
436 4463 497 4544 frg.
526 4465 542 4527 l
568 4463 655 4547 etc).
746 4471 748 4475 ’
1231 4462 1234 4468 ’
