2910 4942
610 117 828 182 ..gg-

311 321 439 393 proinde
462 323 588 378 celatam
610 319 685 377 isiae
706 316 779 389 qaid
799 317 839 375 aii
861 314 944 388 quod
967 315 1056 374 seire
1082 313 1202 385 expete

317 428 462 501 eloquere:
484 432 517 486 ai
539 429 599 498 ipse
621 427 708 495 scilic,
733 429 759 484 ic
774 425 890 502 faciam
911 425 947 481 ul
972 424 1075 482 aciae.

253 568 294 579 —
319 536 365 593 die
389 536 502 593 obsecro
524 534 616 592 herde
639 533 716 592 serie
738 533 816 605 quod
837 535 863 590 te
884 548 999 606 rogem,

316 659 383 701 ecoe
398 642 470 700 miri
484 641 616 700 mendaci
630 642 793 713 qumquem.
811 672 855 683 -
870 637 943 710 quin
957 639 996 695 ite
1012 652 1091 710 ergo
1107 640 1224 710 ropac!

251 783 294 793 -
318 767 388 808 eam
410 768 454 808 uie
476 749 546 809 illac
569 749 650 808 ducis
674 748 757 826 etqa

105 852 193 918 Nihil
222 855 326 920 maius
357 860 465 919 autem
498 871 614 919 servus
647 851 826 918 resciscere
859 848 928 914 vult
960 866 1071 930 quam
1111 865 1185 929 quo
1219 844 1337 911 dommus

107 976 141 1022 se
166 959 272 1024 ducat.
320 957 412 1035 Quod
441 964 550 1024 autem
580 959 664 1025 hanc
688 959 729 1024 ad
753 975 821 1022 rem
845 961 913 1022 tam
935 955 1078 1037 tragica
1105 960 1220 1038 atque
1241 950 1339 1033 magd

106 1064 165 1131 fica
196 1066 400 1147 praefatione
429 1067 542 1146 utitur,
579 1067 621 1130 ad
652 1069 874 1146 spectatorum
905 1061 1009 1128 risum
1038 1062 1252 1129 movendum
1272 1064 1341 1127 caue

107 1173 309 1253 aptissimum
334 1179 415 1239 erat.

212 1281 257 1346 Ut
280 1285 388 1345 autem
412 1283 560 1346 nostrum
585 1278 650 1343 iam
673 1276 734 1344 hac
758 1277 799 1343 de
822 1295 860 1342 re
880 1274 1038 1342 iudicium
1055 1275 1291 1358 proferamus,
1309 1272 1344 1339 ri·

107 1387 226 1452 dentur
258 1386 336 1452 mihi
369 1387 449 1452 talia
478 1386 583 1467 initia,
619 1390 657 1452 ut
687 1381 1111 1464 Thesmophoriezusarum
1150 1381 1247 1449 Pluti
1274 1380 1344 1463 Iphi·

107 1492 222 1574 geniae
251 1494 323 1559 Aul.
357 1493 510 1560 Pseudoli
542 1492 754 1570 Curculionis
787 1492 927 1574 primum
961 1486 1041 1554 ficta
1079 1507 1166 1555 esse
1203 1508 1225 1555 a
1259 1489 1345 1572 poetis

108 1599 247 1681 comicis,
279 1600 355 1666 inde
379 1608 488 1667 autem
512 1619 662 1666 manasse
686 1606 720 1666 et
742 1618 802 1680 per
825 1595 1033 1680 tragoediam
1061 1603 1101 1662 et
1126 1616 1199 1678 per
1223 1596 1346 1662 median

107 1723 286 1787 novamque
311 1705 517 1771 comoediam.
565 1704 635 1770 Hoc
659 1705 744 1771 enim
768 1722 831 1769 nou
848 1704 1046 1770 crediderim
1071 1707 1278 1786 temporum
1298 1704 1345 1769 ini·

109 1811 234 1893 quitata
258 1809 379 1877 factum
404 1830 486 1892 esse,
512 1817 548 1877 ut
572 1811 690 1877 similia
713 1811 958 1894 tragoediarum
982 1809 1304 1880 initia-vetustiora
1322 1818 1348 1877 et

109 1937 192 2000 quae
216 1919 257 1985 ah
273 1918 344 2000 ipso
360 1918 518 2000 Euripide
541 1920 593 1984 vel
609 1917 770 2000 Sophocle
786 1917 934 2000 prolecta
950 1924 1064 1985 essent
1080 1937 1152 1984 non
1174 1926 1347 1988 exstarent.

111 2025 178 2106 Ipsi
201 2031 310 2090 autem
334 2026 445 2090 comici
469 2045 664 2108 quamquam
688 2026 887 2103 tragicorum
911 2032 1085 2107 poetarum
1104 2029 1270 2110 exempla
1284 2033 1348 2092 ante

109 2134 218 2199 oculos
250 2133 404 2201 habuisse
436 2136 598 2215 videntur,
634 2135 680 2201 ita
712 2140 822 2200 tamen
846 2135 949 2199 secuti
982 2152 1022 2200 ea
1049 2141 1141 2214 sunt,
1183 2142 1235 2215 ut,
1274 2135 1348 2219 quod

108 2239 216 2306 iacere
240 2241 398 2322 solebant,
422 2241 589 2309 liberrime
613 2242 645 2306 in
670 2260 764 2307 suum
787 2235 887 2307 usum
910 2259 949 2306 ea
966 2244 1136 2306 mutarent
1164 2250 1205 2308 et
1222 2262 1348 2308 conver·

109 2353 227 2414 terent.
275 2348 372 2415 Certe
395 2349 480 2415 enim
504 2350 587 2415 tales
611 2349 672 2415 loci
700 2349 781 2415 satis
805 2348 898 2414 multi
921 2348 953 2411 iu
977 2347 1154 2428 tragoedia
1181 2351 1254 2416 iam
1278 2349 1349 2415 iude

109 2450 150 2517 ah
175 2452 324 2535 Aeschyli
348 2458 457 2519 aetate
478 2452 697 2532 inveniuntur,
722 2450 778 2517 uhi
802 2452 887 2518 alter
911 2451 1051 2517 alterum
1074 2487 1120 2499 -
1145 2472 1220 2520 non
1246 2463 1349 2523 autern

110 2556 257 2623 dominus
281 2564 314 2624 et
338 2578 453 2625 servus
477 2564 618 2624 sunt-
643 2565 680 2625 ut
703 2577 811 2624 secum
836 2564 873 2624 ut
897 2579 968 2625 cum
989 2560 1091 2624 amico
1116 2560 1254 2644 aliquid
1272 2584 1350 2631 com-

109 2665 251 2730 municet
274 2670 355 2731 oret.
403 2665 467 2731 Sed
491 2666 541 2732 his
566 2665 644 2732 locis
668 2685 731 2732 non
756 2666 795 2731 de
815 2664 947 2733 fabulae
964 2674 1161 2748 argumento
1179 2671 1242 2752 agi
1261 2671 1349 2737 solet.

215 2775 329 2837 Restat
346 2777 383 2836 ut
399 2770 459 2837 hoe
478 2771 547 2837 loco
564 2773 698 2837 Poenuli
711 2773 883 2839 Plautinae
900 2792 1029 2856 quoque
1044 2773 1176 2840 initium
1199 2778 1351 2856 afferam,

110 2897 303 2960 quamquam
327 2897 366 2944 ea
389 2879 422 2943 iu
445 2877 557 2944 fabula
580 2899 642 2944 non
673 2880 720 2946 ita
744 2887 821 2962 apte
844 2881 905 2945 hoc
934 2899 1036 2962 genus
1060 2888 1271 2964 usurpatum
1295 2893 1351 2951 est.

112 2987 158 3050 De
176 2991 368 3066 argumento
385 2991 590 3066 spectatores
607 2986 740 3068 proprio
757 2988 893 3069 prologo
911 2988 1069 3053 certiores
1085 2983 1180 3053 fiunt.
1224 2991 1354 3058 Fabula

109 3092 181 3173 ipsa
205 3091 332 3157 initium
357 3092 445 3174 capit
468 3111 488 3157 a
512 3093 640 3174 dialogo
666 3094 720 3175 qui
745 3099 796 3160 est
819 3093 907 3160 inter
925 3093 1174 3176 Agorastoclem
1200 3117 1303 3164 erum
1323 3107 1355 3166 et

111 3198 321 3280 Milphionem
344 3218 482 3265 serrum.
532 3201 639 3282 Leges
662 3220 774 3267 versus
800 3201 917 3267 iudea
943 3202 1022 3267 129:

271 3311 362 3384 Saepe
385 3330 434 3386 epo
456 3330 502 3371 res
525 3312 631 3371 millias
656 3313 709 3371 libi
731 3314 878 3382 maudoit,
904 3312 1040 3384 Milphio,

270 3418 384 3488 dobiae,
407 3436 519 3492 epatius,
544 3420 692 3490 inopiosas
716 3419 828 3486 consili,

271 3541 344 3596 qous
368 3526 400 3582 iu
422 3525 566 3596 sapienter
589 3526 667 3584 docte
689 3530 715 3584 el
737 3525 851 3584 cordele
874 3530 902 3584 ei
924 3531 985 3585 cale

270 3631 342 3690 milri
365 3631 519 3692 reddidisti
543 3635 679 3707 appares
704 3650 754 3705 ope
778 3650 864 3705 opero
888 3637 947 3693 iao.

270 3740 373 3812 pomos
390 3757 449 3811 pre
471 3740 626 3815 benefactis
642 3742 743 3816 fateor
766 3740 861 3799 deberi
885 3741 937 3798 tibi

270 3849 297 3903 ei
320 3846 476 3904 libertatern
498 3850 524 3905 ei
546 3848 652 3908 melias
674 3852 775 3923 proies
796 3850 917 3923 gratius.

111 3949 229 4016 deinde
253 3967 273 4014 a
296 3968 324 4014 v,
353 3948 434 4015 152:

204 4092 248 4106 -
271 4060 323 4121 sed
344 4061 416 4134 qaid
437 4077 515 4120 nuuc
537 4061 590 4120 lehi
611 4063 675 4121 or's²
697 4095 741 4106 —
763 4080 816 4121 car
838 4079 889 4137 epo
912 4062 992 4134 opud
1013 4067 1039 4121 le
1061 4062 1210 4120 mentior!

271 4184 337 4226 eruo
359 4167 525 4229 inmodeste.
550 4201 593 4212 -
615 4187 694 4228 emec
716 4171 790 4229 ‘isiae
812 4171 948 4242 scopator
971 4171 1104 4229 sentiunt.

203 4308 249 4321 -
271 4279 303 4334 ot
325 4292 376 4351 epo
397 4276 472 4334 heae
494 4277 619 4335 ominem
642 4277 706 4337 dieo
729 4275 940 4348 Adelpohcsium
962 4294 1065 4346 meam,

273 4381 383 4443 huonis
405 4382 494 4443 huius
515 4385 690 4443 oaerelrieem
711 4384 912 4445 muiaseulom.
