2910 4942
511 108 836 183 .-26-

110 306 289 374 attulimus.
336 304 471 372 Accedit
490 310 600 370 autem
619 303 680 368 hoe
696 302 800 385 magia
824 302 866 368 ed
882 301 1137 380 Cureulionem,
1165 320 1341 384 quamquam

110 432 175 480 non
200 411 347 478 dominus
371 416 405 476 et
429 428 554 490 servae,
578 410 637 478 sed
661 409 725 476 duo
748 408 894 475 homines
917 407 1035 476 affines
1060 408 1294 492 colloquatur.

216 521 281 587 Sed
312 519 522 588 memorabile
546 524 607 599 eat,
637 517 828 599 tragoediae
859 536 996 600 quoque,
1029 516 1253 600 Euripideae
1274 515 1344 598 Iphi

110 629 225 712 geniae
249 630 333 710 Aul,
357 627 495 709 Initium,
524 626 610 709 quod
633 623 675 691 ab
699 623 856 706 Euripide
880 626 1004 709 minore
1029 625 1266 707 compositum
1288 642 1345 690 ease

108 738 254 817 putatur,
285 732 422 800 similem
452 732 485 798 in
516 732 644 799 modum
677 736 898 813 comparatum
931 749 1013 810 ease,
1046 750 1120 797 non
1148 732 1251 799 modo
1271 730 1346 814 ⁴quod

107 840 209 908 totius
234 839 282 905 rel
305 839 447 905 indolem
463 839 592 920 attinet,
616 840 674 905 aed
699 837 798 904 etiam
821 837 959 920 singulis
975 837 1007 904 in
1025 841 1229 906 sententiis.
1278 838 1347 905 Gon·

108 946 197 1015 feras
221 946 311 1013 Plnti
336 966 363 1012 v.
389 944 449 1012 25:

322 1057 428 1132 εὔνους
452 1056 514 1142 γάρ
538 1055 580 1118 ὢν
604 1073 652 1116 σοι
676 1052 876 1138 πυνθάνομαι
899 1051 981 1116 πάνυ
1003 1049 1135 1136 σφόδρα

108 1182 180 1230 eum
203 1161 292 1230 senia
316 1163 424 1228 verbis
448 1161 481 1227 in
504 1160 610 1243 Iphig.
635 1180 664 1226 v.
688 1159 750 1225 45:

322 1270 398 1354 πρός
422 1265 449 1331 δ’
463 1264 557 1352 ἄνδρ’
579 1267 703 1353 ἀγαθόν
727 1266 835 1330 πιστόν
858 1287 891 1330 τε
913 1265 1041 1351 φράσεις

109 1380 142 1442 et
165 1376 252 1443 Pluti
277 1395 304 1441 v.
330 1376 373 1440 26
397 1382 669 1458 sequentemque:

322 1479 393 1546 ἀλλ’
415 1483 452 1546 οὔ
474 1502 503 1545 τι
526 1480 647 1566 κρύψω·
671 1487 733 1544 τῶν
756 1480 839 1564 ἐμῶν
863 1483 924 1567 γάρ
948 1482 1077 1546 οἰκετῶν

322 1589 505 1653 πιστότατον
528 1587 664 1675 ἡγοῦμαί
687 1608 722 1652 σε
745 1589 799 1651 καί
822 1587 1056 1652 κλεπτίστατον.

109 1716 180 1763 cum
204 1695 396 1779 iphigeniae
419 1716 469 1762 νν.
497 1696 570 1778 113,
596 1695 677 1760 114;

321 1803 405 1890 λόγῳ
429 1804 539 1889 φράσω
562 1825 610 1868 σοι
634 1802 737 1866 πάντα
760 1800 1032 1889 τάγγεγραμμένα·

322 1913 428 1988 πιστός
451 1913 513 1998 γὰρ
537 1910 645 1997 ἀλόχῳ
669 1918 732 1986 τοῖς
755 1907 781 1973 τ’
803 1911 888 1994 ἐμοῖς
912 1910 1048 1995 δόμοισιν
1072 1910 1112 1973 εἶ.

108 2019 240 2086 Summa
271 2038 346 2085 vero
374 2017 550 2085 similitudo
580 2024 632 2083 eat
662 2015 854 2100 Iphigeniae
888 2013 1048 2098 principio
1080 2032 1159 2080 euni
1197 2016 1355 2084 Pseudoli

107 2125 177 2191 loeo
202 2145 303 2208 supra
326 2126 436 2195 allato.
484 2125 662 2207 compares
686 2123 876 2206 Iphigeniae
899 2143 928 2220 ν.
953 2121 997 2188 35
1022 2141 1089 2205 sq.:

321 2236 358 2296 σὺ
383 2233 417 2296 δὲ
465 2278 472 2294 .
520 2277 528 2292 .
576 2276 584 2293 .
631 2275 639 2291 .
687 2226 795 2293 δέλτον
819 2250 853 2293 τε
876 2229 1005 2315 γράφεις

321 2337 406 2426 τήνδ’
427 2339 467 2424 ἢν
491 2337 552 2419 πρό
574 2339 676 2420 χερῶν
700 2333 744 2396 ἔτι
768 2331 932 2418 βαστάζεις
978 2381 986 2398 .
1034 2380 1041 2398 .
1089 2380 1098 2398 .

321 2446 458 2531 δαλερὸν
482 2444 566 2507 κατὰ
588 2439 688 2524 δάκρυ
712 2437 795 2525 χέων

108 2573 179 2619 eum
203 2553 319 2621 Pseud.
345 2573 373 2619 ν.
400 2555 430 2632 7,
455 2550 493 2617 8:

322 2663 394 2737 quta
415 2666 465 2731 est,
488 2660 565 2734 quod
587 2664 619 2719 lu
641 2660 824 2719 exonerantes
848 2660 908 2718 lom
929 2660 981 2720 hos
1004 2661 1108 2721 maltos
1133 2664 1201 2725 dies

318 2775 414 2846 pastas
438 2770 556 2829 lupellus
581 2772 678 2836 tecum,
702 2784 750 2827 eos
775 2768 913 2827 ἰασναοιιζτ
938 2769 1020 2840 laute,
1135 2825 1137 2831 .

107 2870 296 2954 Iphigeniae
320 2891 349 2936 ν.
374 2872 428 2953 44,
452 2869 514 2937 45:
787 2857 790 2862 ¹

320 2977 395 3064 φέρε
417 2980 568 3045 κοίνωσον
592 2981 694 3064 μῠδον
718 2979 750 3056 ές
772 2979 864 3065 ἡμᾶς.

321 3089 398 3171 πρός
422 3085 448 3150 δ’
471 3085 556 3172 ἄνδρ’
579 3086 705 3172 ἀγαθόν
727 3085 836 3150 πιστόν
859 3107 892 3150 τε
915 3085 1043 3171 φράσεις

108 3211 179 3259 eum
202 3196 356 3261 Pseudoli
380 3216 408 3261 v.
435 3197 487 3278 14,
514 3195 572 3262 15:
1136 3214 1138 3218 ·

322 3307 420 3366 licetne
443 3308 476 3366 ld
496 3310 570 3369 seire
592 3308 664 3381 quid
684 3310 745 3369 sil?
767 3325 836 3366 ιιοια
858 3308 924 3366 med
945 3308 1083 3366 outidhae

319 3429 483 3484 supremum
506 3414 635 3474 lenhaleti
657 3415 786 3473 comitem
808 3415 938 3474 consiliis
962 3415 1027 3473 tuis.

107 3511 297 3594 Iphigeniae
320 3531 347 3577 ν.
376 3514 450 3590 117,
476 3515 558 3580 118;

320 3618 393 3706 λέγε
417 3624 470 3686 καί
494 3618 627 3707 σήμαιν’,
650 3622 701 3684 ἵνα
724 3623 778 3686 καὶ
800 3621 929 3709 γλώσσῃ

319 3727 451 3793 σύντονα
474 3738 536 3805 τοῖς
560 3737 625 3803 σοῖς
647 3728 825 3814 γράμμασιν
849 3731 944 3796 αὐδῶ.

107 3852 180 3899 eum
203 3833 355 3903 Pseudoli
376 3856 406 3900 v.
433 3835 491 3902 10:

320 3948 448 4020 eloquere
470 3949 602 4020 nequod
623 3965 673 4024 eqo
696 3951 791 4008 neseio
814 3953 904 4009 tecum
926 3952 1023 4010 setam.

50 4072 54 4079 ·
107 4046 188 4115 Gum
212 4047 403 4116 Curculione
428 4056 535 4116 autem
564 4069 603 4117 ea
632 4053 665 4116 in
695 4071 732 4118 re
756 4053 946 4134 Iphigeniae
977 4055 1144 4120 exordium
1175 4060 1345 4141 congruit,

107 4154 193 4237 quod
216 4161 357 4238 utroque
372 4157 442 4223 loeo
462 4176 516 4224 ree
540 4165 639 4225 noctu
662 4159 789 4241 agitur:
814 4179 930 4227 servus
954 4180 1056 4241 erum,
1074 4162 1164 4243 quie
1188 4161 1346 4233 cubiculo

106 4278 143 4327 se
166 4262 339 4346 proripuit,
364 4265 487 4331 mirans
510 4264 589 4347 quid
612 4266 656 4332 ait
679 4268 837 4348 nequltur.
863 4267 1021 4334 conferas
1044 4267 1149 4351 Iphig.
1174 4290 1202 4337 ν.
1230 4270 1270 4337 1;

321 4364 363 4431 Ὦ
387 4366 515 4456 πρέσβυ,
539 4368 642 4455 δόμων
665 4371 763 4436 τῶνδε
787 4375 939 4459 πάροιθεν
