2926 4950
614 190 832 253 „60-

203 426 206 430 -
324 384 437 462 Ὕλλος
461 383 488 448 δ’
510 377 639 468 ἀδελφοί
660 381 693 447 θ’
716 385 776 448 οἶοι
799 381 961 467 πρεσβεύει
983 382 1071 468 γένος

325 489 448 578 ζητούσ’
470 493 548 554 ὅπου
572 500 630 576 γῆς
653 491 771 576 πύργον
795 490 991 576 οἰκιούμεθα,

111 601 283 666 Plautinae
307 599 379 665 Cas.
406 599 608 665 locum'inde
633 617 704 664 av.
730 599 789 664 64:

324 712 359 779 is,
384 727 420 768 me
442 711 615 781 exspectetis,
637 710 721 769 hodic
744 711 776 768 m
799 711 852 768 lam
875 709 1019 768 comoedia

325 817 357 874 m
379 816 479 874 corbem
500 832 560 872 moa
581 815 704 890 redibo,-
728 816 854 874 Plomma
877 814 990 887 moluit;

318 928 437 996 porilem
459 926 623 997 interrupit,
648 926 699 997 qm
722 928 785 982 crat
809 925 836 982 m‘
858 925 890 981 m
913 922 1022 979 ttinere.

112 1045 290 1110 Praeterea
313 1045 410 1110 huius
435 1045 566 1127 generis
597 1034 673 1109 sunt
696 1043 773 1107 Eur.
800 1041 899 1106 Andr.
924 1060 953 1104 v.
978 1040 1020 1103 41
1046 1058 1094 1122 sq·
1142 1038 1197 1107 Or.
1223 1038 1269 1103 60
1291 1058 1341 1122 sq.

112 1151 233 1217 Phoen.
259 1151 301 1216 66
326 1171 373 1234 sq.
420 1152 535 1218 Bacch.
553 1151 595 1216 35
613 1171 671 1232 sq„
707 1151 811 1216 Plant.
830 1149 913 1213 Rud.
932 1149 973 1212 72
990 1166 1038 1228 sq.
1076 1146 1191 1228 Amph.
1211 1145 1275 1208 112
1294 1165 1340 1228 sq.

219 1274 267 1340 Eo
292 1281 399 1341 autem
426 1277 510 1357 quod
535 1275 745 1363 haecomnia
770 1293 863 1356 qrsam
888 1272 1133 1338 accuratissime
1154 1277 1188 1335 et
1203 1269 1343 1351 diligen-

112 1380 238 1446 tissime
262 1383 379 1464 exponi
403 1385 509 1449 solent
533 1382 579 1462 fit,
604 1390 641 1448 ut
664 1383 875 1465 prologorum
900 1381 1028 1446 dicendi
1052 1398 1154 1462 genus
1178 1379 1343 1460 copiosam

113 1495 213 1569 atque
236 1489 407 1554 molestam
431 1490 594 1572 quandam
617 1507 697 1570 prae
722 1507 756 1554 se
771 1485 863 1553 ‘ferat
879 1487 1074 1573 ubertatem,
1100 1503 1182 1566 qnae
1201 1494 1239 1552 ut
1255 1487 1343 1568 apud

114 1594 219 1675 quinti
248 1596 319 1660 iam·
343 1596 465 1661 saeculi
488 1602 603 1678 poetas
628 1602 661 1660 et
684 1596 828 1676 tragicos
853 1599 886 1659 et
911 1595 1048 1659 comicos
1073 1592 1344 1674 deprehenditur,

113 1703 160 1767 ita
184 1703 270 1783 apud
293 1702 495 1784 posteriores
519 1703 656 1770 comicos
680 1709 853 1784 tantopere
877 1701 990 1780 crevit,
1015 1706 1052 1766 ut
1076 1719 1234 1764 summum
1250 1698 1344 1767 fasti-

115 1809 203 1874 dium
227 1818 327 1876 creet.
409 1840 411 1844 ’

222 1935 457 2002 Gravissimum
487 1944 596 2002 autem
627 1935 697 2002 eius
728 1935 921 2001 discriminis
953 1936 1037 2018 quod
1062 1935 1148 2000 inter
1171 1935 1345 2015 prologum

115 2050 149 2110 et
173 2046 344 2125 sequentia
366 2043 542 2110 intercedit
566 2044 693 2124 signum
718 2042 778 2107 hoc
802 2052 862 2121 est,
888 2044 975 2123 quod
998 2044 1030 2107 in
1050 2041 1186 2124 prologo
1203 2061 1243 2106 ea
1260 2060 1345 2124 quae

114 2159 231 2236 postea
263 2143 399 2234 agenda¹
423 2159 500 2218 sunt
531 2171 551 2217 a
580 2160 679 2234 poeta
702 2150 778 2218 ficta
802 2171 875 2218 esse
906 2158 1020 2234 aperte
1045 2152 1204 2217 dicuntur.
1253 2149 1346 2226 Quae

116 2279 169 2326 res
194 2278 263 2325 curn
288 2260 321 2324 in
345 2259 479 2340 antiqua
499 2251 663 2325 comoedia
687 2259 740 2343 (cl.
758 2262 813 2324 Ar.
831 2259 929 2341 Vesp.
947 2279 976 2324 v.
994 2257 1036 2324 55
1053 2277 1113 2340 sq.‚
1138 2257 1196 2339 Eq.
1223 2255 1265 2319 37
1283 2273 1345 2338 sq.,

116 2367 234 2450 Phryn.
260 2365 322 2449 lrg.
350 2367 380 2448 l)
404 2385 467 2431 non
493 2366 588 2446 desit,
621 2366 810 2449 saepissime
833 2366 867 2432 in
897 2367 1004 2432 media
1027 2372 1061 2455 et
1083 2383 1166 2430 noua
1190 2360 1344 2427 occurrit.

109 2475 163 2547 ‚In
177 2471 296 2539 fabulis
320 2473 445 2539 Latinis
470 2479 549 2554 quot
573 2473 668 2538 huitss
693 2473 823 2556 generis
848 2475 994 2556 exempla
1018 2471 1226 2538 inveniantur
1249 2488 1345 2534 nemo

115 2580 229 2646 nescit.
284 2580 391 2646 Unum
424 2578 525 2645 allero
559 2578 730 2644 Graecum.
777 2577 937 2644 Stobaeus
971 2596 1009 2642 ex
1043 2575 1201 2640 Heniochi
1233 2573 1345 2641 fabula

1 2769 3 2774 Ι
115 2688 241 2754 incerta
272 2687 400 2768 longius
424 2686 651 2768 iragmentum
684 2685 789 2770 (Koclr
821 2685 852 2750 Il
885 2705 916 2767 p.
950 2682 1029 2769 433)
1063 2683 1215 2763 servavit,
1253 2682 1344 2782 cuius

116 2815 145 2860 v.
170 2795 191 2858 6
215 2813 262 2877 sq.
287 2794 322 2858 hi
345 2800 465 2859 suntr

331 2907 365 2967 τὸ
388 2905 504 2990 χωρίον
527 2905 583 2988 μὲν
607 2902 668 2988 γὰρ
691 2899 754 2964 τύδ’
776 2902 839 2964 ἐστὶ
863 2909 925 2963 πᾶν
949 2899 1058 2983 κύκλῳ

329 3010 505 3095 Ὀλυμπία,··
522 3011 606 3096 τηνδὶ
630 3010 742 3094 δὲτὴν
766 3011 884 3092 σκηνὴν
909 3007 977 3069 ἐκεῖ

330 3123 449 3206 σκηνὴν
473 3119 548 3203 ὁρᾶν
572 3119 731 3202 demptam
755 3115 893 3200 νομίζετε
917 3114 985 3178 κτλ.

118 3245 165 3308 Ea
190 3250 298 3309 autem
323 3244 356 3308 in
380 3263 417 3308 re
440 3243 535 3308 ualde
555 3241 760 3320 offendimus,
793 3239 879 3320 quod
902 3238 982 3303 talia
1006 3257 1069 3302 non
1093 3237 1187 3302 modo
1211 3237 1244 3301 in
1269 3255 1342 3318 pro-

117 3351 201 3433 logis
234 3351 377 3434 propriis
409 3353 627 3429 inveniuntur,
659 3350 717 3414 sed
741 3349 840 3413 etiam
864 3346 896 3410 in
920 3346 960 3412 iis
986 3346 1041 3428 qui
1058 3365 1085 3411 ,a
1109 3346 1178 3411 deis
1202 3363 1342 3427 pronun·

118 3457 252 3537 tiantur,
277 3458 324 3521 ita
348 3462 385 3521 ut
408 3455 479 3537 ipse
504 3455 582 3520 deus
608 3454 660 3520 dei
683 3461 796 3536 partes
821 3473 884 3519 non
901 3454 1028 3518 omnino
1045 3455 1195 3519 retineat.
1245 3454 1297 3519 Sic
1312 3451 1342 3515 in

118 3560 276 3627 Rudentis
300 3581 328 3625 v.
354 3561 396 3624 32
421 3561 581 3625 Arcturus
604 3560 685 3625 haec
709 3560 802 3626 dicit:

326 3673 526 3745 primumdum
547 3673 615 3730 lamio
638 3690 697 3732 csse
719 3689 821 3730 rcomcm
843 3672 910 3729 arbi
934 3671 1072 3742 Diplrilms

335 3783 463 3856 Opmmcm
485 3781 580 3838 oolmit.

119 3904 263 3971 Luxuria
287 3909 395 3968 autem
419 3904 452 3966 in
477 3888 663 3966 Trinummo
687 3901 763 3965 inde
786 3918 805 3963 a
829 3920 856 3965 v.
883 3899 917 3963 8:

250 4036 252 4040 ’
326 4015 456 4086 primam
479 4013 551 4070 malim
574 3997 698 4070 Plomma
722 4027 825 4071 mmmm
848 3987 1002 4068 Lammina
1025 4007 1148 4065 indidit:

333 4125 393 4179 tecm
416 4121 505 4178 illanc
527 4119 599 4177 milm
622 4121 681 4178 csso
701 4122 820 4192 pacatam
841 4118 932 4176 ocimi
954 4117 1105 4188 Iamiam

120 4244 168 4308 Ex
193 4242 392 4308 Graecorum
422 4239 614 4320 fragmentis
644 4236 707 4301 huc
740 4240 890 4316 spectant
922 4253 960 4299 ea
994 4252 1077 4315 quae
1111 4251 1150 4297 ex
1174 4231 1343 4297 Menandri

120 4349 231 4417 fabula
264 4348 422 4423 Δύσκολος
456 4365 539 4428 quae
571 4343 730 4424 inscripta
765 4349 838 4408 erat
872 4341 1089 4423 Harpocratio
1125 4358 1151 4405 s.
1187 4358 1215 4403 v.
1253 4336 1343 4422 Φυλή

120 4455 216 4522 affert
240 4452 315 4538 (lrg.
345 4455 436 4533 126:
531 4496 535 4506 1.
652 4504 654 4507 .
708 4516 712 4525 ,
867 4467 869 4470 ’
