2910 4942
571 213 769 282 μκή

56 411 186 478 nesiaco
221 412 343 479 afuisse
379 432 418 478 ex
458 413 604 479 eiusdem
640 411 835 479 Aristotelis·
861 412 971 479 verbis
1013 412 1121 495 colligi
1162 421 1281 498 potest.

58 520 172 601 Pergit
195 521 279 586 enim
302 519 366 586 sic:
399 519 506 583 τδδὲ·
475 518 635 604 epileum
659 527 757 583 ποιεῖν
781 519 862 605 (scil.
889 519 1066 603 ἀπέδωκεν)
1090 518 1283 610 Ἐπίχαρμος

58 630 111 691 καί
135 625 264 711 Φόρμις·
288 628 403 712 τδμὲν
426 626 622 713 ἐξάρχήςέ
624 648 645 689 κ
661 625 806 703 Σικελίας
830 626 942 712 ήλύεν,
966 630 1085 692 τῶνδὲ
1112 628 1283 719 Ἀθήνησιν

57 732 184 819 Κράτης
219 741 404 816 πρῶτοςρ
364 734 404 818 ήρ
406 732 495 811 ξεν’
479 731 538 817 αφὲ
540 753 630 817 μενος
658 741 712 817 τής
736 731 882 818 ἰαμβικῆς
911 733 994 810 ἰδέας
1018 735 1161 800 καθόλου
1185 747 1284 802 ποιεῖν

58 838 170 924 λόγους
194 843 247 904 καί
272 840 400 925 μύθους.
438 843 602 920 Quacum
626 858 663 905 re
687 841 808 921 optime
839 851 1022 922 congruunt
1045 861 1084 908 ea
1107 862 1190 924 quae
1214 843 1284 926 ipse

59 947 293 1029 Aristophanes
316 949 350 1014 in
374 949 546 1030 Equitibus
569 947 645 1013 inde
669 967 688 1012 a
710 967 740 1013 v.
765 947 831 1012 520
853 947 894 1014 de
917 949 1071 1030 Magnete
1094 948 1236 1032 profert:

170 1101 511 1119 .......
559 1053 1110 1141 Μάγνης.......,

170 1160 203 1236 ὃς
227 1159 358 1224 πλεῖστα
381 1169 484 1246 χορῶν
508 1169 568 1224 τῶν
593 1160 771 1225 ἀντιπάλων
795 1161 882 1248 νίκης
905 1162 1016 1248 ἔστησε
1038 1174 1183 1247 τροπαῖα·

171 1268 273 1344 πάσας
297 1265 394 1352 δ’ύμῖν
418 1271 523 1353 φωνάς
547 1269 599 1344 ίείς
622 1270 676 1332 καί
700 1268 830 1354 ψάλλων
855 1271 909 1332 καί
931 1270 1121 1356 πτερυγίζων

170 1377 223 1439 καί
247 1374 379 1453 λυδίζων
403 1375 456 1438 καί
481 1373 616 1460 ψηνίζων
640 1376 694 1437 καί
718 1373 910 1460 βαπτόμενος
934 1375 1128 1462 βατραχείοις

171 1483 231 1546 οὐκ
254 1481 431 1567 ἐξήρκεσεν,
456 1480 540 1545 ἀλλὰ
563 1481 715 1546 τελευτῶν
739 1482 789 1547 ἐπί
813 1482 927 1568 γήρως,
951 1484 987 1546 οὐ
1010 1486 1071 1568 γάρ
1094 1482 1141 1568 ἐφ’
1164 1484 1251 1572 ήβης,

170 1589 326 1676 ἐξεβλήθη
350 1587 523 1674 πρεσβύτης
547 1589 600 1670 ῶν,
624 1591 670 1653 ὅτι
693 1599 747 1652 τού
770 1588 925 1653 σκώπτειν
949 1589 1137 1678 ἀπελείφθη.

59 1698 119 1762 His
145 1696 230 1762 enim
245 1696 395 1761 versibus
419 1695 499 1759 nihil
524 1694 586 1759 nisi
610 1695 701 1760 chori
717 1693 888 1775 parabasis
912 1701 947 1760 et
969 1696 1004 1759 τὸ
1019 1695 1178 1787 7σκώπτειν
1202 1717 1285 1764 com·

60 1810 270 1883 memoratur,
295 1808 561 1884 argumentorum
586 1808 620 1867 et
643 1809 759 1865 καινῶν
783 1802 872 1866 ἰδεῶν
898 1821 978 1885 quas
1002 1821 1037 1869 se
1060 1803 1131 1886 ipse
1148 1805 1286 1873 maxime

60 1912 222 1980 invenisse
247 1929 345 1993 saepe
370 1909 553 1993 gloriatur¹
575 1911 695 1975 mentio
720 1928 783 1975 non
807 1909 852 1976 fit.
901 1911 1026 1977 Deinde
1049 1910 1133 1983 hanc
1156 1912 1189 1977 in
1213 1932 1286 1979 sen·
1391 1928 1392 1935 ’

61 2019 197 2085 tentiam
229 2017 310 2085 mira
343 2018 484 2101 quadrat
507 2016 633 2083 Cratini
666 2036 794 2100 quoque
819 2017 1045 2110 ,fragmentum
1079 2018 1158 2104 (306
1182 2021 1286 2102 Kock)

62 2127 148 2209 quod
179 2125 341 2192 Aristides
374 2124 528 2192 servavit.
584 2124 779 2190 Dicit-enim
810 2145 856 2191 or.
882 2126 925 2190 49
948 2145 979 2207 p.
1006 2125 1071 2208 386
1096 2127 1145 2192 ed.
1170 2125 1285 2193 Jebb.:

61 2236 94 2300 ὲν
118 2235 202 2321 ἀρχή
225 2242 279 2298 τού
308 2234 463 2319 δράματος
497 2232 790 2320 μεγαλαυχούμενος
821 2231 863 2310 ὡς
892 2233 1053 2319 προφήτης
1074 2236 1287 2321 προαγορεύει

61 2343 174 2406 τοιάδε·

493 2463 495 2467 ’
580 2450 810 2535 ἀφυπνίζεσβαι
833 2453 895 2536 χρή
920 2450 1022 2514 πάντα
1045 2448 1175 2533 θεατήν,

172 2558 236 2621 ἀπὸ
260 2559 315 2642 μὲν
340 2556 503 2644 βλεφάρων
527 2557 745 2643 αὐθημερινῶν
768 2566 904 2643 ποιητῶν
928 2557 1024 2642 λήρον
1047 2556 1174 2642 ἀφέντα.
1200 2629 1203 2635 ,

62 2665 105 2730 Hi
130 2665 232 2747 igitur
247 2684 362 2731 versus
387 2671 423 2731 ut
446 2665 480 2730 in
504 2665 597 2730 initio
621 2664 752 2731 fabulae
775 2666 873 2746 positi
896 2663 997 2730 fuisse
1014 2665 1137 2731 diserte
1154 2665 1288 2730 tradun-

62 2777 127 2851 tur,
152 2773 198 2838 itu
221 2790 285 2837 non
314 2772 409 2836 modo
434 2770 521 2852 quod
551 2771 593 2836 ad
616 2777 765 2850 metrum,
798 2770 855 2836 sed
887 2769 986 2836 etiam
1011 2770 1098 2853 quod
1125 2771 1166 2836 ad
1190 2789 1288 2851 argu-

62 2884 205 2944 mentum
238 2877 357 2942 attinet
389 2874 568 2941 clarisslme
601 2875 771 2958 parabasis
805 2881 946 2959 speciem
965 2896 1059 2959 prae
1098 2896 1134 2943 se
1166 2876 1286 2943 ferunt.

62 2985 169 3067 Leges
193 2983 349 3066 Equitum
381 3003 430 3048 νν.
456 2982 521 3048 503
553 3001 613 3065 sq,
638 2984 735 3066 Vesp-
769 3004 818 3048 νν.
846 2984 933 3049 1010
964 3003 1012 3066 sq.
1068 2985 1147 3050 Inde
1180 2990 1288 3050 autem

63 3092 212 3173 sequitur
228 3091 354 3157 Cratini
377 3090 467 3155 illam
483 3089 681 3156 comoediam
705 3091 795 3156 cuius
811 3091 844 3154 in
860 3091 952 3170 initio
975 3091 1009 3162 hi
1026 3109 1139 3157 versus
1156 3088 1289 3157 luerunt

62 3216 199 3280 prorsus
223 3199 306 3265 alius
325 3198 455 3280 generis
478 3196 581 3263 fuisse
604 3202 702 3279 atque
723 3197 992 3280 Aristophanem,
1021 3216 1105 3279 quae
1129 3197 1288 3280 quomodo

63 3304 110 3371 sic
133 3305 236 3370 ordiri
257 3305 384 3388 possint
406 3307 459 3370 vix
482 3304 690 3386 excogitatis.

170 3412 378 3494 Quantopere
407 3417 511 3479 totam
539 3412 724 3479 comoediae
757 3411 974 3478 condicionem
1000 3411 1135 3492 prologo
1159 3412 1288 3485 invento

63 3522 222 3585 mutatam
254 3538 327 3586 esse
360 3521 556 3586 censendum
588 3521 631 3586 sit
663 3520 738 3585 inde
766 3519 916 3601 efficitur,
951 3520 1037 3601 quod
1068 3517 1102 3590 iu
1125 3522 1289 3604 nonnullis

64 3645 146 3708 quas
169 3646 228 3693 nos
251 3626 409 3693 habemus
432 3625 594 3693 fabulis
585 3628 691 3710 risque
714 3647 753 3693 ve
755 3627 944 3694 tustissimis
974 3628 1007 3692 in
1036 3629 1171 3711 prologo
1195 3626 1290 3710 quasi

62 3735 96 3800 in
120 3733 373 3801 fundamentot
359 3740 465 3801 totum
496 3735 565 3801 iere
590 3741 816 3816 argumentum
846 3735 987 3817 positum
1011 3734 1217 3800 estctuius
1240 3735 1290 3800 rei

64 3842 262 3908 luculentum
286 3842 467 3924 exemplum
500 3843 660 3926 praebent
646 3843 920 3910 tAcharnenses
966 3842 1072 3908 Huius
1102 3839 1265 3923 fabulae
1257 3860 1290 3919 m

64 3950 196 4016 exordio
220 3948 425 4030 Dicaeopolis
459 3969 567 4016 secum
600 3950 671 4032 ipse
703 3950 889 4032 colloquens
923 3949 1000 4031 quid
1030 3948 1079 4015 rei
1102 3948 1146 4015 sit
1169 3949 1288 4030 aperit.

63 4056 165 4122 Paulo
189 4061 265 4139 post
296 4055 445 4122 contione
477 4056 565 4123 facta
588 4062 760 4138 postquam
793 4063 959 4122 oratorum
990 4057 1045 4138 qui
1071 4055 1225 4137 populum
1249 4054 1291 4120 ad

65 4163 183 4228 bellum
208 4162 345 4229 incitant
361 4164 495 4230 consilia
518 4163 560 4230 ad
584 4164 714 4230 irritum
731 4164 883 4246 redigere
907 4162 1036 4232 studuit
1056 4181 1161 4244 neque
1181 4169 1291 4227 tamen

65 4268 241 4350 quidquam
266 4269 414 4351 profecit,
439 4269 511 4351 ipsc
534 4269 599 4334 iam
622 4269 775 4352 privatim
799 4289 872 4336 cum
889 4268 1153 4336 Lacedaemoniis
1177 4287 1290 4350 pacem

175 4460 722 4568 rmmwmwmm
