2910 4942
622 289 665 299 ..
711 251 754 316 43
788 276 841 298 Δ..

331 446 440 534 Λήδαν
464 445 581 511 κύκνου
607 445 789 532 μορφώματ’
811 446 936 532 όρνιύος
959 443 1077 531 λαβὼν,

331 557 365 634 ὃς
388 556 491 621 δόλιον
514 557 605 641 εύνὴν
629 552 770 640 ἐξέπραξ’
792 551 844 618 ὑπ’
866 555 958 618 ἀετοῦ

332 664 452 750 δίωγμα
476 662 608 749 φεύγων,
634 665 664 728 εί
686 666 807 749 σαφὴς
830 664 938 738 οὗτος
961 660 1080 745 λόγος.

109 767 175 836 Or.
200 791 229 837 v.
254 769 274 836 5
298 789 365 853 sq.:

332 877 431 962 ὁγὰρ
456 878 618 963 μακάριος,
643 878 725 941 κούκ
748 876 887 954 ὀνειδίζω
911 875 1017 964 τύχας,

332 981 403 1060 Διὸς
426 983 584 1069 πεφυκώς,
608 971 654 1060 ὡς
678 982 844 1071 λέγουσι,
870 983 1031 1061 Τάνταλος

332 1102 471 1178 κορυφῆς
495 1089 726 1175 ὑπερτέλλοντα
750 1090 914 1175 δειμαίνων
937 1092 1050 1178 πέτρον

331 1197 399 1283 ἀέρι
423 1207 555 1261 ποτᾶται
579 1199 633 1261 καί
656 1195 731 1261 τίνει
753 1196 868 1283 ταύτην
893 1197 992 1284 δίκην,

331 1304 377 1382 ὡς
401 1307 465 1390 μὲν
490 1304 677 1390 λέγουσιν,
701 1307 749 1368 ότι
771 1304 858 1381 θεοῖς
882 1294 1050 1391 ἅνθρωπος
1074 1306 1116 1370 ὢν

289 1453 291 1455 »
330 1422 436 1498 κοινῆς
458 1412 613 1499 τραπέζης
637 1409 746 1497 ἀξίωμ’
768 1413 850 1498 ἔχων
873 1416 948 1496 ἴσον,

330 1518 507 1584 ἀκόλαστον
529 1521 606 1606 ἔσχε
629 1520 785 1605 γλῶσσαν,

110 1624 188 1708 Ιμίι.
213 1626 284 1691 Aul.
309 1645 339 1692 v.
363 1627 404 1691 71
431 1645 497 1710 sq.:

513 1732 619 1797 ἐλθὼν
643 1731 707 1797 δ’ἐκ
730 1733 865 1819 Φρυγῶν
878 1733 907 1797 a
930 1736 985 1810 τάς
1008 1733 1087 1809 θεάς

332 1838 444 1922 κρίνων
468 1836 522 1920 ὅδ’,
547 1837 592 1915 ὡς
616 1838 633 1902 ό
657 1838 777 1923 μῦθος
799 1837 976 1925 Ἀργείων
999 1838 1094 1923 ἔχει,

329 1943 581 2033 Λακεδαίμον(α)
605 1946 674 2011 κτλ.

111 2051 236 2118 Phoen.
263 2072 292 2117 v.
318 2053 337 2116 7
362 2071 429 2135 sq.:
845 2119 848 2125 ,

330 2159 362 2235 ὃς
386 2159 484 2223 παῖδα
506 2159 610 2245 γήμας
631 2158 790 2244 Κύπριδος
813 2157 979 2244 Ἁρμονίαν
1003 2159 1079 2221 ποτὲ

328 2263 517 2351 Πολύδωρον
541 2265 679 2351 ἐξέρυσε,
703 2276 757 2330 τοῦ
782 2267 816 2329 δὲ
839 2265 1009 2353 Λάβδακον

329 2381 428 2457 φῦναι
445 2372 634 2459 λέγουσιν,
659 2374 697 2438 ἐκ
721 2373 755 2436 δὲ
779 2373 869 2436 τοῦδε
892 2371 1000 2437 Λάιον.

114 2480 264 2561 Apparet
294 2485 403 2546 autem
434 2482 494 2546 hoc
526 2480 782 2547 additamentum
807 2500 870 2546 non
894 2497 1109 2563 personarum
1132 2474 1342 2558 loquentium,

113 2585 175 2651 sed
206 2585 309 2667 ipsius
342 2593 460 2668 poetae
492 2606 575 2668 esse,
609 2587 665 2670 qui
697 2607 760 2654 non
784 2589 831 2655 ita
854 2595 931 2671 apte
959 2588 1034 2671 quid
1066 2586 1136 2667 ipse
1161 2584 1201 2649 de
1226 2580 1343 2664 mythis

102 2693 238 2758 sentiat
267 2712 424 2774 personas
457 2693 531 2761 ilias
560 2695 763 2777 proferentes
786 2694 879 2778 fingit
889 2694 910 2760 ¹.
958 2691 1114 2761 conferas
1138 2689 1343 2769 Melanippae
1390 2706 1392 2710 ⁴

113 2799 273 2880 sapientis
297 2819 425 2882 quoque
448 2801 575 2868 initium
591 2803 624 2867 in
640 2804 779 2870 alteram
795 2802 899 2886 magis
915 2808 1044 2884 partem
1061 2816 1199 2880 vergens
1216 2792 1343 2882 (Nauck

112 2905 179 2988 frg.
204 2905 299 2992 481):

328 3013 414 3096 Ζεύς,
439 3015 485 3093 ὡς
509 3016 686 3082 λέλεκται
708 3028 772 3104 τῆς
796 3018 979 3103 ἀληθείας
1003 3019 1087 3097 ύπο,

328 3120 458 3210 Ἕλλην’
480 3123 609 3188 ἔτικτεν.

113 3225 257 3292 Similem
288 3225 320 3291 in
351 3228 480 3293 medum
510 3228 629 3294 lusisse
659 3229 737 3295 mihi
769 3229 899 3297 videtur
923 3229 1059 3297 Strattis
1084 3229 1117 3293 in
1141 3223 1340 3304 Phoenissis,

114 3352 181 3416 qua
212 3352 251 3400 ex
285 3332 396 3401 fabula
430 3335 618 3402 Athenaeus
650 3337 726 3403 XIV
759 3337 847 3404 sals
879 3337 1050 3404 nonnullos
1083 3352 1199 3401 versus
1235 3330 1340 3398 affert.

114 3438 205 3506 Dicit
239 3441 340 3508 enim:
380 3443 426 3505 ότι
460 3441 494 3504 δὲ
529 3453 766 3528 καινουργοῦσιν
800 3447 883 3508 κατὰ
917 3447 972 3521 τὰς
1006 3444 1112 3529 φωνὰς
1146 3441 1174 3505 οἱ
1209 3437 1341 3525 Θηβαῖοι

113 3546 263 3632 Στράττις
286 3548 489 3613 ἐπιδείκνυσιν
514 3551 546 3613 ἐν
570 3548 749 3627 Φοινίσσαις
772 3550 823 3614 διά
846 3549 962 3614 τούτων
986 3548 1061 3631 (irg.
1088 3549 1151 3629 47)·

327 3654 435 3734 ξυνίετ’
457 3656 556 3736 ούδὲν,
582 3667 668 3720 πᾶσα
692 3656 837 3744 Θηβαίων
861 3656 960 3738 πόλις,

109 3877 110 3880 ¹
223 3837 232 3870 ¹
252 3837 384 3893 Diversae
403 3839 501 3894 indolis
521 3846 585 3894 aunt
602 3840 749 3910 Aeschylei
767 3841 821 3895 loci
839 3845 870 3894 ut
888 3841 1002 3897 Eumen.
1022 3858 1046 3896 τ.
1067 3840 1082 3893 1
1102 3855 1157 3908 aq.:

314 3925 430 3991 Πρῶτον
446 3921 496 3992 μὲν
513 3921 578 3996 εὐχῇ
594 3926 659 3995 τῇδε
677 3925 816 3994 πρεσβεύω
833 3927 909 3978 θεῶν

312 4008 363 4078 τὴν
381 4009 574 4077 πρωτόμαντιν
594 4015 691 4063 Γαῖαν
710 4008 738 4064 ἐκ
756 4006 785 4063 δὲ
802 4012 851 4079 τῆς
872 4009 965 4080 Θέμιν,

312 4090 329 4166 ἢ
348 4096 382 4167 δὴ
400 4096 431 4151 τό
450 4097 551 4166 μητρός
569 4095 681 4164 δευτέρα
699 4094 758 4152 τόδ’
774 4093 846 4163 ἕζετο

311 4189 449 4250 μαντεῖον,
468 4179 511 4246 τός
529 4183 630 4253 λόγος
648 4205 708 4247 τις.

114 4275 143 4325 et
161 4269 255 4339 Suppl.
274 4287 298 4324 τ.
319 4270 371 4326 230
389 4287 445 4338 sq.:

311 4354 390 4412 κάκεῒ
404 4359 490 4428 (apud
508 4360 623 4428 inferos)
642 4358 744 4426 δικάζει
759 4357 987 4430 τάμπίακήμαθ’,
1005 4357 1047 4422 τός
1065 4357 1186 4429 λόγος,

317 4441 384 4505 Ζεύς
402 4437 483 4505 ἄλλος
500 4441 529 4498 ἓν
547 4446 680 4513 καμοῦσιν
697 4441 817 4508 ὑστάτας
835 4446 922 4512 δίκας,

114 4532 142 4582 at
160 4526 368 4582 Trachiniarum
390 4526 538 4582 exordium.
