2910 4942
675 250 718 263 ,.
768 197 897 280 tit--

172 453 214 464 -
250 413 295 482 Ut
323 416 450 480 minora
479 431 607 496 quoque
640 412 786 490 afferam,
817 411 1010 493 saepissime
1042 411 1154 475 comici
1187 410 1220 474 in
1255 403 1404 492 prologis

172 522 311 590 maxime
334 523 385 587 vel
409 540 524 587 versus
539 519 685 601 tragicos
701 538 796 584 suum
816 521 850 584 in
865 538 960 584 usum
975 516 1158 597 vertebant,
1182 518 1234 603 vel
1251 519 1404 584 cothurni

171 708 214 762 lte
240 721 306 760 vera
332 721 367 760 ex
388 702 495 758 Helena
521 703 614 758 fabula
631 704 845 773 Aristophanem
868 702 916 756 illa
940 702 1142 770 deprompsisse
1165 701 1274 756 aliunde
1294 719 1404 770 quoque

172 797 265 865 colligi
290 800 390 863 potest
410 793 578 861 Quamquam
597 795 667 848 enim
692 794 828 848 sententia
847 799 875 846 et
893 791 995 845 locutio
1015 791 1063 844 illa
1084 789 1157 858 apud
1175 790 1337 859 Euripidem
1357 794 1403 846 tri·

171 887 278 942 tissima
293 891 336 938 est
354 914 388 924 -
406 883 493 937 affero
506 884 633 953 Cyclopis
646 903 672 938 v.
685 884 753 938 201:
772 876 832 933 ἀλλ’
843 880 870 932 εί
881 864 981 930 θανεῖν
993 878 1042 940 δεῖ,
1056 873 1267 941 κατθανούμεθ’
1279 874 1404 945 εὐγενῶς,

171 975 231 1044 lplt
249 974 282 1027 T.
299 974 349 1026 321
361 969 531 1039 θανούμεθ’,
550 970 607 1025 ἀλλ’
621 966 696 1034 ὅπως
712 970 883 1037 θανούμεθα
894 971 897 1036 l
908 964 1051 1030 κάλλισθ’,
1070 969 1152 1036 Hipp.
1169 968 1233 1021 nn:
1251 973 1405 1024 κατθανεῖν

173 1056 249 1124 ἔδοξέ
265 1077 312 1124 μοι
323 1060 326 1125 ξ
338 1056 491 1123 κράτιστον,
502 1075 582 1127 quem
594 1058 684 1112 locum
697 1056 912 1125 Aristophanem
924 1053 1025 1106 imitari
1038 1052 1161 1107 Koclsius
1173 1061 1299 1123 putat-
1312 1064 1404 1112 tamen

172 1154 251 1221 longe
276 1150 399 1221 proxime
424 1149 531 1204 accedit
555 1149 618 1217 ipsa
635 1147 788 1216 Euripides
805 1147 918 1201 Helena.
961 1145 1020 1198 Hac
1045 1145 1117 1198 enim
1142 1145 1171 1198 in
1195 1144 1287 1199 fabula
1306 1147 1406 1202 iudea

172 1258 197 1295 s.
216 1239 270 1295 298
288 1239 358 1295 haec
376 1238 519 1307 leguntur:

404 1325 504 1377 θανεῖν
520 1321 673 1391 κράτιστον
691 1324 749 1384 πῶς
766 1319 883 1389 θάνοιμ’
900 1314 936 1374 ἀν
952 1308 1004 1373 οὖν
1021 1322 1110 1381 καλῶς
1115 1340 1124 1383 ,-

407 1403 558 1476 ἀσχήμονες
573 1405 624 1475 μὶν
641 1405 754 1476 ἀγχόναι
771 1407 920 1475 μετάρσιοι,

403 1491 456 1548 κάν
472 1501 544 1548 τοῖσι
559 1494 668 1556 δούλοις
686 1491 838 1562 δυσπρεπὲς
854 1494 1001 1560 νομίζεται·

337 1579 387 1634 301
405 1581 510 1650 σφαγαί
527 1579 552 1635 δ’
570 1578 676 1650 ἔχουσιν
694 1577 802 1649 εὐγενές
818 1601 844 1633 τι
860 1581 907 1635 καί
924 1579 1019 1646 καλόν,

408 1666 519 1733 σμικρὸς
536 1662 578 1721 δ’ὁ
595 1666 692 1732 καιρὸς
708 1663 786 1734 κρᾶτ’
804 1663 961 1732 ἀπαλλάξαι
978 1665 1049 1731 βίον.

173 1752 249 1820 Quae
279 1751 346 1807 mire
375 1767 436 1806 cum
460 1753 590 1823 Equitum
621 1753 744 1808 versibus
776 1755 930 1809 concinunt
974 1753 1097 1818 Utroque
1127 1749 1190 1804 loco
1218 1750 1314 1806 iisdem
1347 1753 1406 1809 fere

172 1840 262 1894 verbis
287 1841 430 1909 quaeritur
449 1856 521 1908 quae
543 1842 580 1895 sit
597 1841 792 1894 honestissima
810 1855 892 1905 mors,
912 1845 940 1892 et
960 1838 1068 1906 singula
1088 1839 1146 1894 eius
1164 1856 1265 1909 genera
1284 1842 1358 1895 inter
1377 1859 1406 1897 se

174 1936 368 1998 comparantur
386 1930 488 1997 unique
507 1928 598 1997 palma
617 1927 705 1980 datur.
742 1925 840 1993 Itaque
851 1926 1055 1993 Aristophanes
1073 1927 1121 1981 illa
1140 1935 1168 1981 et
1188 1944 1246 1983 oum
1261 1929 1406 1998 Sophoclis

172 2016 279 2071 Helena
303 2024 331 2072 et
357 2032 418 2070 cum
437 2015 591 2084 Euripides
615 2015 707 2082 aliquo
733 2014 842 2068 vinculo
868 2015 1023 2070 cohaerent.
1060 2016 1176 2070 Accedit
1194 2018 1282 2071 aliud:
1311 2034 1406 2073 versus

174 2105 321 2173 Sophoclei
340 2121 357 2159 a
375 2105 526 2160 scholiasta
543 2104 620 2157 allati
639 2111 783 2172 tantopere
802 2101 954 2156 condicioni
966 2100 1135 2170 Euripideae
1148 2105 1270 2159 Helenae
1291 2121 1406 2174 respon-

173 2195 247 2262 dent,
266 2203 297 2250 ut
316 2197 344 2250 in
362 2197 452 2250 locum
469 2211 595 2250 versuum
608 2195 662 2248 301
676 2201 705 2249 et
718 2193 857 2261 sequentis
871 2192 1000 2246 substitui
1013 2191 1070 2246 sere
1083 2194 1196 2261 possint.
1224 2193 1294 2248 Nam
1309 2195 1406 2250 eodem

173 2283 252 2337 modo
271 2302 325 2353 quo
344 2285 418 2354 apud
435 2284 597 2353 Euripidem
616 2283 723 2337 Helena
748 2288 830 2336 antea
854 2280 889 2335 de
908 2281 981 2333 mala
999 2278 1072 2334 lama
1090 2297 1141 2335 sua
1159 2290 1255 2350 questa
1274 2294 1324 2351 est,
1354 2303 1407 2355 qua

174 2374 202 2427 in
221 2391 251 2429 re
270 2377 349 2443 quasi
367 2377 395 2430 in
414 2375 525 2430 cardine
544 2390 637 2428 omnes
656 2372 715 2427 iere
734 2373 793 2426 eius
810 2371 996 2440 querimoniae
1009 2378 1152 2424 versantur
1171 2402 1205 2410 -
1224 2373 1299 2439 legas
1319 2391 1343 2427 v.
1359 2375 1406 2429 66:

173 2463 200 2515 el
214 2460 282 2514 καθ’
298 2458 406 2517 Ἑλλάδ’
425 2457 515 2529 ὄνομα
532 2458 657 2523 δυσκλεὲς
675 2461 759 2530 φέρω,
778 2462 829 2514 223
846 2477 900 2528 sq.:
926 2459 972 2512 διὰ
990 2457 1019 2513 δὲ
1037 2460 1138 2522 πόλεας
1152 2458 1255 2528 ἔρχεται
1266 2463 1269 2528 J
1280 2459 1369 2530 βάξις,
1390 2457 1406 2514 ά

174 2564 202 2601 σε
218 2547 396 2617 puppeque!
410 2545 503 2615 λέχεσι,
530 2546 640 2612 πότνια,
668 2547 864 2613 παραδίδωσιν,
890 2546 940 2598 250
957 2561 1013 2612 sq.:
1039 2546 1070 2597 τὸ
1096 2542 1121 2598 δ’
1137 2541 1204 2611 ἐμὸν
1223 2541 1312 2612 ὄνομα
1330 2547 1408 2614 παρὰ

174 2633 352 2698 Σιμουντίοις
370 2629 459 2697 ῥοαῖσι
469 2633 472 2700 1
483 2633 619 2699 μαψίδιον
637 2629 689 2699 ἔχει
706 2630 800 2698 φάτιν,
818 2631 883 2684 270;
901 2630 1011 2696 πρῶτον
1027 2625 1077 2694 μὲν
1091 2625 1142 2683 otiu
1158 2617 1217 2682 οὔδ’
1230 2624 1332 2696 ἀδικος,
1352 2632 1409 2698 εἰμὶ

174 2713 310 2784 δυσκλεής.
328 2747 362 2756 -
381 2716 429 2771 illo
448 2718 510 2772 loco
529 2718 596 2771 talia
609 2718 791 2772 antecessisse
811 2731 845 2772 ex
863 2733 944 2772 versu
957 2716 1060 2770 altero:
1080 2713 1126 2766 καλ
1141 2732 1179 2782 μη
1191 2732 1220 2780 γε
1233 2715 1314 2767 πλείω
1326 2717 1407 2769 τῶνδ’

174 2801 242 2871 ἔχειν
264 2804 422 2872 δυσφημίας
447 2806 545 2861 elucet.
592 2806 649 2860 lam
680 2814 797 2875 apparet
826 2806 946 2874 aliquam
974 2805 1108 2859 rationem
1136 2805 1306 2861 intercedere
1334 2808 1408 2862 inter

173 2893 314 2963 Euripidis
333 2895 465 2949 Helenam
489 2903 517 2950 et
535 2895 679 2965 Sophoclis
707 2895 826 2950 fabulam
852 2897 880 2950 in
906 2911 960 2963 qua
985 2894 1025 2947 illi
1049 2910 1143 2949 versus
1170 2894 1287 2949 fuerunt.
1327 2896 1408 2962 Quod

173 2983 229 3038 slis
247 2999 355 3052 quoque
374 3000 405 3038 re
421 2983 577 3039 confirmari
595 2985 717 3040 videtur:
737 2984 810 3054 apud
822 2983 984 3053 Euripidem
997 2982 1102 3036 Helena
1121 2985 1149 3037 in
1164 2984 1277 3038 exordio
1298 2983 1408 3039 fabulae

174 3073 210 3128 ad
234 3073 325 3127 locum
351 3089 458 3128 sacrum
478 3060 608 3144 confugit,
634 3083 665 3128 ut
690 3074 803 3128 deorum
821 3072 904 3127 fidem
923 3072 1100 3141 imploraret:
1129 3073 1178 3140 sed
1197 3072 1232 3128 de
1251 3077 1341 3128 salute
1361 3075 1407 3129 de·

175 3179 287 3233 sperans
310 3172 426 3219 mortem
445 3165 498 3220 sibi
524 3167 694 3221 consciscere
712 3167 778 3219 vult
815 3164 921 3219 Eadem
945 3172 987 3219 est
1005 3165 1129 3219 condicio
1150 3180 1290 3218 servorum
1310 3165 1338 3217 in
1359 3167 1407 3217 Ar.

174 3255 226 3324 Eq.
245 3255 334 3324 Legas
352 3273 376 3312 v.
396 3257 432 3312 30
450 3273 489 3325 sq.
527 3256 623 3323 Itaque
648 3272 708 3309 cum
733 3262 848 3323 propter
874 3261 1027 3323 temporum
1046 3255 1166 3308 rationes
1185 3260 1268 3321 poeta
1287 3253 1408 3307 comicus

174 3344 334 3412 Euripidem
354 3352 463 3400 secutus
483 3360 545 3399 esse
563 3351 690 3413 nequeat,
710 3343 768 3398 veri
786 3360 840 3397 non
860 3343 992 3398 dissimile
1011 3350 1054 3398 est
1072 3345 1265 3412 huncquoque
1284 3360 1342 3398 rem
1362 3344 1408 3398 de·

174 3438 331 3499 promptam
358 3446 418 3485 esse
444 3446 478 3484 ex
497 3431 640 3500 Sophoclis
667 3430 760 3485 fabula
806 3431 863 3486 Iam
889 3434 1029 3502 quaeritur
1054 3450 1124 3501 quae
1147 3432 1230 3486 fuerit
1249 3433 1297 3486 illa
1315 3433 1409 3488 fabula

175 3519 329 3588 Sophoclea
347 3536 427 3588 quam
447 3527 476 3574 et
495 3521 693 3590 Aristophanes
713 3529 741 3575 et
756 3521 906 3590 Euripides
926 3530 989 3577 ante
1009 3523 1103 3576 oeulos
1122 3522 1250 3576 habuisse
1269 3523 1408 3590 putandus

175 3615 227 3667 est.
264 3606 405 3676 Sophoclis
423 3602 517 3675 Ἑλένη
543 3613 658 3675 excepto
684 3607 738 3660 hoc
762 3607 824 3661 loeo
843 3624 956 3676 prorsus
978 3608 1126 3676 ignoratur.
1164 3608 1265 3661 Contra
1283 3611 1408 3666 novimus

174 3704 232 3754 tres
250 3697 359 3752 fabulas
378 3715 449 3767 quae
467 3699 495 3753 in
518 3715 627 3753 censum
646 3698 740 3752 venire
758 3698 908 3753 videantur.
946 3699 1014 3752 Sunt
1033 3696 1179 3762 Λάκαιναι,
1197 3693 1307 3763 Ἑλένης
1322 3696 1408 3763 ηάμος

175 3788 302 3858 satyrica,
320 3783 429 3854 Ἑλένης
447 3783 600 3856 ἀπαίτησις.
635 3789 672 3842 Et
700 3789 734 3843 de
761 3789 816 3842 illis
842 3787 947 3842 duabus
973 3786 1082 3854 quidem
1107 3786 1229 3853 cogitare
1255 3800 1309 3838 non
1336 3783 1408 3841 lieet.

175 3878 277 3933 Contra
302 3874 338 3929 ad
362 3876 433 3928 hanc
452 3873 591 3931 Nauchius
611 3878 679 3933 duos
698 3895 792 3934 versus
816 3880 878 3933 illos
898 3878 932 3932 de
952 3878 1051 3945 quihus
1070 3877 1175 3944 agimus
1195 3872 1288 3928 refert
1327 3875 1408 3943 Quod

175 3965 244 4020 mihi
269 3965 314 4019 vix
339 3965 446 4019 videtur
464 3980 557 4019 verum
577 3982 644 4022 esse.
680 3963 790 4034 Ἑλένης
809 3968 881 4022 euim
901 3962 1047 4033 ἀπαίτησις
1064 3972 1172 4020 versata
1195 3964 1284 4016 estin
1302 3964 1409 4019 Helena

176 4061 240 4108 aute
251 4054 353 4109 bellom
365 4069 415 4123 per
427 4054 583 4109 Menelaum
596 4063 624 4111 et
636 4057 745 4111 Ulixem
758 4072 775 4110 a
786 4056 913 4111 Troianis
926 4055 1084 4123 repetenda.
1112 4055 1181 4107 Eius
1194 4058 1285 4106 autem
1298 4052 1409 4108 fabulae

176 4142 204 4195 in
223 4158 277 4210 qua
294 4143 363 4197 haee
381 4143 473 4210 posita
491 4141 593 4196 fuerint
611 4150 800 4212 argumentum
819 4142 906 4196 simile
925 4141 1012 4196 fuisse
1035 4158 1132 4197 censeo
1145 4151 1227 4210 atque
1240 4142 1409 4211 Euripideae

176 4228 306 4296 Helenae,
325 4227 371 4281 ubi
389 4227 487 4281 mulier
500 4228 638 4283 'immerito
658 4229 767 4284 infamis
788 4245 848 4284 esse
867 4228 985 4298 fingitur.
1023 4230 1145 4298 Quocum
1159 4232 1261 4299 optime
1282 4233 1410 4286 convenit

177 4313 251 4385 quod
275 4313 424 4369 scholiasta
448 4314 523 4370 illam
549 4315 669 4371 fabulam
696 4321 859 4390 simpliciter
877 4313 970 4386 Ἑλένη
989 4320 1120 4388 appellat,
1147 4318 1220 4387 quod
1238 4319 1408 4388 Euripideae

87 4450 105 4477 „⁵
124 4460 139 4479 ἱ,
177 4421 285 4473 quoque
304 4419 402 4458 nomen
421 4410 471 4459 est.
499 4405 585 4459 Porro
605 4420 664 4458 eum
684 4423 738 4459 non
758 4406 838 4461 modo
858 4406 964 4460 duobus
980 4407 1023 4461 his
1035 4407 1169 4474 versibus,
1189 4406 1237 4460 sed
1251 4409 1285 4462 iis
1300 4425 1409 4477 quoque

178 4496 255 4563 silae.
267 4494 361 4549 iilam
379 4492 472 4548 fabula
488 4493 689 4563 praecedebant
708 4511 831 4564 magnam
850 4512 910 4549 cum
927 4495 1068 4564 Euripidis
1083 4496 1190 4551 Helena
1203 4497 1409 4554 similitudinem

535 4626 652 4656 Α
