2910 4942
622 246 839 315 „29-

209 483 251 495 -
276 451 336 508 ium
353 449 469 522 pridem
492 449 621 522 equidem
644 450 719 509 istoc
741 466 776 508 ex
798 454 824 509 te
847 450 955 510 audiui.
980 483 1023 496 -
1046 449 1165 526 differor

275 561 409 632 cupidine
433 561 514 618 elus:
536 559 587 619 sed
610 557 709 616 lammae
732 558 803 616 istoc
825 558 907 632 Iasoo

275 666 357 725 illius
381 665 497 723 aimoino
519 680 578 722 oon
603 663 720 722 lutumst
745 663 921 724 lutulentios.

114 786 204 865 Quae
229 788 335 852 omnia
358 794 424 852 tam
453 791 605 852 accurate
633 786 749 868 exponi
773 794 849 869 post
871 788 1042 871 prologum
1067 788 1235 871 proprium
1263 790 1343 856 satis

112 895 230 960 mirum
261 902 321 960 est.
369 896 469 961 Servo
497 900 606 958 autem
640 911 678 957 ea
709 911 793 974 quae
825 893 888 959 iam
918 894 1035 961 dudum
1068 896 1151 962 sciat
1181 915 1343 978 exponere

113 1021 195 1084 opus
219 1021 282 1066 non
306 1008 366 1068 est.
401 1002 445 1067 Et
468 1000 548 1065 illud
567 1017 695 1083 quoque
718 999 802 1064 male
818 1017 854 1064 se
873 998 983 1079 habet,
1009 1002 1093 1082 quod
1111 1021 1282 1084 quamnam
1299 1003 1341 1069 ad

112 1126 184 1174 rem
213 1109 338 1173 iuvenis
368 1108 455 1173 serui
486 1106 661 1189 prudentia
691 1111 790 1187 atque
822 1105 955 1172 oonsilio
986 1109 1034 1173 uti
1064 1107 1143 1174 velit
1175 1111 1342 1177 nonsatis

111 1214 326 1296 intellegitur,
363 1233 432 1280 cum
461 1214 543 1280 nihil
566 1212 725 1294 impedire
748 1212 908 1290 videatur,
944 1215 1114 1295 quominus
1138 1233 1208 1281 eum
1233 1215 1343 1297 puella

112 1326 222 1386 amata
253 1321 517 1386 consuetudinem
551 1318 680 1386 habeat.
711 1356 753 1367 -
781 1319 828 1387 Ut
859 1327 967 1386 autem
998 1340 1060 1386 non
1092 1318 1238 1388 omnibus
1263 1321 1341 1389 locis

113 1427 168 1509 qui
193 1428 254 1492 huo
278 1428 445 1508 pertinent
469 1426 509 1492 de
530 1445 639 1493 amore
656 1428 709 1509 agi
727 1427 873 1507 vidimus,
893 1427 940 1493 sio
956 1428 1036 1494 talia
1051 1448 1179 1511 quoque
1196 1429 1343 1510 exempla

120 1552 293 1599 occurrere
317 1553 410 1599 nemo
434 1535 583 1614 miratur,
609 1535 725 1616 quibus
756 1553 817 1598 non
842 1553 918 1600 erus
949 1542 983 1601 et
1006 1554 1120 1602 servus
1143 1536 1191 1601 illi
1214 1537 1280 1602 siut
1303 1555 1342 1601 en

112 1660 250 1724 quorum
285 1640 431 1708 diverbio
463 1650 666 1725 spectatores
696 1661 766 1708 rem
795 1641 1014 1723 comperiant,
1050 1644 1108 1708 sed
1138 1643 1222 1709 duae
1257 1643 1342 1708 aliae

110 1765 281 1827 personae.
316 1750 353 1814 In
370 1748 714 1831 Thesmophoriazusis
737 1749 891 1836 κηδεστής
907 1749 1095 1832 Euripidem
1120 1748 1339 1830 suspirantem
1369 1788 1370 1792 =

111 1850 189 1931 quid
214 1871 286 1917 eum
311 1852 464 1919 sollicitet
486 1852 688 1936 interrogat:
712 1854 752 1920 of.
778 1876 807 1920 ν.
834 1858 873 1922 71
900 1875 967 1938 su:

273 1975 381 2039 ὡΖεῠ
405 1977 433 2040 τί
456 1977 568 2061 δρᾶσαι
592 1977 710 2043 διανοεῖ
731 1999 769 2063 με
792 1978 944 2064 τήμερον;

206 2121 248 2129 -
272 2086 310 2168 νὴ
334 2086 404 2160 τοὺς
427 2083 522 2162 θεοὺς
545 2084 608 2171 ἐγὼ
632 2084 795 2149 πυθέσθαι
818 2085 970 2171 βούλομαι

271 2191 298 2256 τί
321 2195 357 2256 τὸ
380 2204 510 2280 πρᾶγμα
533 2195 633 2275 toute
656 2193 685 2258 τί
707 2193 838 2275 στένεις;
862 2193 890 2257 τί
914 2192 1093 2277 δυσφορεῖς;

272 2301 307 2361 οὐ
331 2310 411 2386 χρῆν
434 2322 469 2364 σε
492 2301 652 2387 κρύπτειν,
676 2303 751 2366 ὄντα
774 2300 929 2388 κηδεστὴν
953 2299 1037 2384 ἐμόν.

111 2423 180 2487 Hoc
213 2441 283 2488 oum
317 2426 387 2490 loco
420 2424 568 2492 conferas
591 2426 763 2491 Plautinae
788 2424 994 2491 Cistellariae
1025 2422 1116 2489 illum
1140 2425 1212 2506 ⁴quo
1236 2423 1341 2490 amica

112 2548 150 2595 ex
175 2532 278 2597 amica
301 2550 370 2598 rem
395 2534 540 2614 quaerit:
565 2538 642 2600 sunt
664 2551 779 2599 versus
795 2531 870 2597 inde
886 2550 906 2596 a
921 2529 960 2595 51
982 2527 1072 2616 (edit.
1090 2528 1338 2617 Ussingianae):

270 2676 349 2718 meus
373 2659 480 2728 oculus,
502 2675 565 2716 meu
591 2657 746 2726 Selenium,
770 2674 929 2729 mammeam
951 2673 1001 2731 eqo
1023 2659 1050 2714 te
1072 2636 1228 2716 tristiorem

269 2767 332 2825 violi
353 2783 431 2842 esse;
454 2764 533 2839 quid,
556 2765 631 2833 cedo,
655 2769 689 2833 le,
715 2765 837 2833 obsecro,
861 2768 920 2823 tam
942 2763 1074 2822 abhorret
1096 2762 1274 2823 hilaritudo?

269 2890 359 2945 oeque
381 2872 492 2932 amodo
514 2871 641 2946 adaeque
664 2889 702 2941 es,
732 2876 765 2931 ul
786 2873 860 2932 soles
884 2904 927 2915 -
949 2870 1002 2930 hoo
1023 2872 1066 2930 sio
1088 2871 1161 2941 etde,
1187 2875 1220 2929 ul
1236 2871 1340 2943 petiuit

270 2981 442 3052 suspiritum
465 2979 541 3039 alte!
564 3011 607 3023 -
630 2983 656 3037 el
667 2979 786 3051 pallido
808 2995 847 3039 es.
872 2979 1001 3050 eloquare
1024 2982 1177 3051 utrunque
1199 2979 1292 3049 uobis,

270 3090 296 3145 el
317 3086 389 3159 quid
411 3087 464 3145 tibi
485 3090 534 3155 est,
558 3090 585 3145 et
607 3085 679 3160 quid
698 3087 770 3145 aelle
789 3090 920 3146 nostram
936 3102 1059 3159 operam,
1082 3090 1116 3146 ut
1129 3104 1182 3145 uos
1201 3087 1337 3146 sciamus.

111 3206 244 3272 Terenti
260 3207 293 3272 in
306 3208 654 3273 Hautontimorumeno
667 3208 731 3273 duo
747 3226 842 3274 senes
855 3206 1101 3288 colloquuntur:
1119 3205 1159 3270 ef.
1174 3225 1202 3270 v.
1218 3205 1260 3269 84
1273 3223 1338 3286 sq.:

265 3349 305 3391 ,ue
330 3333 466 3401 luerem,
490 3337 574 3406 alque
596 3335 679 3403 istuc,
701 3333 844 3406 quidquid
866 3337 915 3402 est,
930 3334 987 3407 sae
1008 3349 1053 3391 ow
1075 3336 1107 3391 ul
1130 3331 1245 3413 sctum:av

269 3454 306 3495 ne
327 3439 421 3508 retiae,
444 3454 480 3496 ne
502 3454 605 3507 oerore,
628 3437 710 3496 erede
731 3435 851 3509 inquam
871 3438 961 3496 milti:

269 3549 321 3605 aut
342 3544 518 3605 consolando
540 3548 592 3604 aut
613 3544 734 3603 oonsilio
757 3548 809 3603 aut
829 3561 862 3602 re
884 3546 990 3604 iuvere.

203 3685 245 3696 —
269 3655 343 3712 seire
364 3653 417 3712 hoo
438 3654 505 3712 aas?
530 3685 570 3696 -
593 3652 648 3710 hoo
670 3649 784 3724 quaem
806 3666 896 3710 eausa
919 3667 978 3723 qua
1001 3649 1065 3708 dlxi
1086 3647 1147 3708 tibi.

204 3791 246 3802 -
270 3758 390 3816 dicmur.

109 3878 216 3944 Unum
245 3879 329 3945 addo
350 3877 477 3944 Afranii
509 3879 613 3944 locum
636 3879 718 3944 satis
749 3878 896 3945 similem.
952 3875 1122 3959 (Togatam
1147 3880 1255 3940 autem
1289 3873 1338 3940 la·

109 3984 218 4051 bolam
249 3985 300 4050 his
332 3984 364 4048 in
396 3984 494 4049 rebus
522 3981 691 4065 palliatam
719 3990 862 4051 secutam
892 4002 965 4050 esse
993 4002 1065 4050 oum
1093 3999 1154 4063 per
1177 3999 1213 4046 se
1237 3999 1337 4062 appa·

110 4097 183 4157 reat
206 4101 273 4158 tum
299 4088 493 4171 fragmentis
521 4090 774 4176 comprobatur).
822 4091 883 4157 Est
906 4089 1146 4157 Ribbeekianae
1170 4085 1337 4155 editionis*

110 4215 224 4264 versus
249 4198 313 4263 212
337 4217 401 4280 sq.:

269 4325 341 4397 quid
361 4327 435 4385 istuc
457 4326 521 4386 est?
544 4328 616 4399 putul
629 4328 706 4400 fles!
728 4328 799 4400 quid
822 4330 959 4390 luminans
983 4330 1128 4405 larpltus!

262 4432 443 4505 proloquere.
