2910 4942
624 149 843 217 ..18-

119 342 181 423 fra.
207 344 281 411 843.
307 344 386 430 850)
411 347 581 429 leguntur:
606 350 641 412 τδ
664 349 702 414 ἐκ
725 348 843 414 παίδων
867 348 1065 436 φιλομύύους
1092 351 1189 438 ἡμᾶς
1213 355 1292 419 εἶναι
1310 355 1350 419 καί

118 452 237 540 χαίρειν
261 452 294 519 iv
318 463 357 541 op
380 453 550 541 περιεργίᾳ,
575 455 616 531 ὥς
639 477 713 543 φησι
736 454 924 543 Μένανδρος*

333 606 673 630 .......
702 561 782 647 φιλῶ
806 560 834 625 α’
855 560 1011 649 Ὀνίγσιμε.

265 704 306 716 -
331 669 385 732 καί
409 670 446 732 σύ
470 667 630 754 περίεργος
653 670 683 733 εί
716 715 1000 732 ......
1018 669 1030 707 ¹

117 775 170 840 καί
195 774 299 840 πάλιν·

330 880 450 962 ’γούδέν
473 884 534 969 γὰρ
557 881 748 968 γλυκύτερον
772 884 793 969 ἡ
817 880 908 947 πάντ’
931 882 1044 949 εἰδέναι

116 990 148 1058 ln
177 988 233 1057 uta
256 988 386 1057 subulae
416 995 512 1072 parte
541 985 664 1054 fuerint
700 1006 765 1070 qua
786 988 971 1070 argumenti
994 992 1156 1058 narratio
1180 1012 1349 1076 praepara·

116 1106 218 1169 rotun.
265 1097 346 1166 Nam
377 1096 492 1165 similis
515 1097 604 1163 iocus
628 1096 679 1162 his
702 1097 838 1163 subesse
861 1096 990 1164 videtur
1018 1103 1124 1181 atque
1151 1101 1229 1168 loeo
1252 1102 1300 1168 illi
1319 1121 1349 1168 er

117 1206 243 1293 ideoyro
268 1223 368 1289 supra
385 1205 494 1272 allato.
543 1204 720 1287 compares
738 1204 954 1270 Phoenicidae
977 1223 1110 1287 quoque
1129 1204 1348 1290 fragmentum

115 1310 219 1401 (tom
243 1314 290 1382 ΙΙΙ
314 1332 344 1398 p.
371 1312 445 1394 333,
481 1310 544 1395 fug.
572 1312 606 1397 l)
631 1312 717 1395 quod
741 1331 780 1377 ex
804 1310 950 1377 Tibicina
974 1311 1168 1394 Hesychius
1194 1316 1347 1384 servavit:

328 1418 457 1486 δύνασαι
481 1428 618 1501 σιωπάν;
645 1456 684 1465 -
710 1418 789 1482 ὥστε
812 1417 918 1502 <τοὺς>
941 1420 996 1494 τὰς
1020 1417 1187 1498 διαλύσεις
1345 1417 1348 1423 ’

327 1525 564 1612 συντιθεμένους
588 1524 778 1612 κεκραγέναι
802 1524 916 1590 δοκεῖν.

114 1636 203 1715 (tutuo
234 1636 369 1703 eundern
401 1634 434 1701 in
466 1634 577 1702 fabula
608 1635 752 1701 tenuisse
784 1632 892 1699 sedem
926 1651 1119 1715 persuasum
1157 1634 1287 1706 habeo.
1313 1673 1348 1687 -

115 1744 179 1811 lom
211 1741 237 1811 ιιί
274 1744 358 1811 tundo
396 1743 480 1811 buum
516 1742 727 1825 expositionis
760 1740 979 1808 instituendae
1012 1760 1106 1807 usum
1140 1743 1213 1811 sibi
1248 1765 1348 1828 sump

113 1850 216 1918 turrim
246 1850 290 1918 illi
323 1858 439 1935 poetae
475 1851 673 1933 quaerimus,
709 1848 950 1916 conferentibus
985 1847 1095 1914 nobis'
1115 1868 1158 1915 ea
1198 1872 1289 1936 quae
1321 1853 1347 1918 iu

116 1955 280 2042 ttudptuio
304 1958 421 2026 Modoa
445 1957 519 2024 inde
545 1977 564 2023 a
586 1977 614 2022 v.
641 1956 684 2021 63
708 1955 862 2037 legimus:

325 2065 352 2130 τί
377 2062 403 2129 δ’
426 2065 516 2146 ἔστιν,
542 2063 566 2126 ὡ
590 2059 713 2149 γεραιέ;
738 2063 780 2146 μὴ
805 2059 916 2145 φθόνει
938 2060 1064 2143 φράσαι.

264 2204 296 2216 -—
325 2169 424 2236 ούδίν·
450 2169 605 2257 μετέγνων
629 2172 683 2234 καί
706 2170 745 2233 τὰ
768 2165 883 2253 πρόσθ’
905 2167 1060 2252 εἰρημένα.

262 2312 299 2324 -
326 2275 379 2362 μίγ,
403 2277 480 2362 πρὸς
504 2276 633 2363 γενείου,
658 2276 775 2360 κρύπτε
798 2275 967 2340 σύνδουλον
991 2275 1093 2341 σέθεν·

324 2387 414 2469 σιγὴν
437 2383 508 2469 γάρ,
532 2386 558 2448 εἰ
581 2384 653 2470 χρίγ,
677 2383 776 2449 τῶνδε
797 2384 939 2470 θήσομαι
962 2382 1042 2468 πέρι,

112 2488 228 2574 ‹pdbus
253 2490 420 2558 addendus
447 2496 498 2557 est
521 2511 549 2557 ν.
575 2492 619 2557 30
643 2497 677 2557 et
699 2510 854 2574 sequens:

257 2630 298 2643 -
325 2595 404 2678 άτάρ
427 2597 465 2661 σύ
488 2592 526 2682 γ’,
550 2597 586 2661 ού
609 2600 671 2685 γὰρ
694 2600 802 2682 καιρδς
826 2597 938 2662 εἰδέναι
960 2596 1031 2662 τάδε

324 2700 498 2784 δέσποιναν,
522 2703 663 2791 ἡσύχαζε
687 2707 740 2770 καί
764 2706 837 2791 σίγα
860 2704 963 2792 λύγον,

111 2804 243 2873 dubium
277 2826 349 2875 esse
379 2809 492 2891 nequit
523 2809 600 2890 quin
624 2809 793 2892 Euripidis
822 2809 1004 2891 exemptum
1034 2807 1095 2873 hao
1117 2807 1152 2872 in
1176 2831 1217 2878 re
1244 2815 1345 2896 pluri·

111 2934 195 2982 mum
227 2916 375 2984 valuerit.
424 2916 505 2982 Nam
533 2936 649 2985 versus
680 2918 713 2983 hi
741 2918 805 3001 ipsi
837 2937 965 3002 quoque
998 2917 1196 2984 antecedunt
1220 2919 1344 3000 paeda·

110 3021 185 3105 trogi
209 3021 319 3101 verba,
342 3041 360 3087 e
385 3022 501 3103 quibus
526 3023 710 3104 argumenti
733 3029 861 3105 partem
886 3031 920 3091 et
942 3024 1054 3090 nutrix
1077 3026 1111 3088 et
1134 3030 1343 3104 spectatores

109 3129 321 3212 comperiunt.
349 3165 385 3176 ·-
412 3129 488 3211 [pse
513 3134 621 3196 autem
645 3129 830 3213 Euripides,
856 3131 997 3196 sirecte
1021 3128 1136 3209 sentio,
1161 3148 1202 3195 ex
1227 3134 1342 3200 cotidi-

110 3255 191 3303 anae
215 3237 302 3304 vitoe
325 3256 475 3304 sermone
499 3237 559 3305 hoe
583 3237 702 3317 hausit,
728 3246 764 3305 ut
787 3257 948 3322 persaepe
972 3256 1045 3302 eum
1068 3236 1279 3319 potissimum
1304 3241 1341 3306 de

110 3343 268 3409 cothurno
299 3343 340 3410 ad
365 3344 532 3426 vulgarem
565 3363 657 3411 usum
688 3350 721 3411 et
745 3345 873 3412 dicendi
897 3365 1001 3428 genus
1025 3343 1234 3410 descendisse
1260 3347 1339 3413 satis

109 3456 245 3516 constat.
293 3451 408 3532 Itaque
436 3471 499 3517 non
533 3448 714 3530 miraberis,
751 3451 779 3516 si
810 3451 891 3517 talia
914 3453 947 3516 in
972 3450 1136 3517 comoedia
1158 3452 1339 3536 praecipue

109 3557 261 3622 invenies.
315 3555 471 3624 Conieras
489 3557 727 3638 -Aristophanis
754 3557 866 3639 lepida
895 3557 997 3623 verba
1026 3555 1060 3622 in
1082 3558 1231 3626 Nubibus
1264 3560 1339 3626 iude

109 3685 180 3732 av.
206 3665 287 3731 823:

321 3771 375 3836 καί
399 3793 446 3837 σοι
469 3773 579 3858 φράσω
602 3793 630 3836 τι
654 3771 772 3860 πρᾶγμ’
794 3774 811 3837 ὃ
835 3773 949 3858 μαθὼν
973 3773 1052 3858 ἀνὴρ
1075 3772 1147 3836 ἔσει.

321 3881 405 3956 ὅπως
428 3879 462 3943 δὲ
485 3888 575 3944 τοῦτο
600 3882 642 3965 μὴ
667 3880 797 3959 διδάξεις
822 3880 949 3967 μηδένα.
1153 3952 1155 3958 A

107 3984 231 4050 Deinde
255 3984 473 4068 Strepsiades,
505 3987 597 4053 euius
622 3986 703 4053 haee
726 3993 813 4067 sunt,
841 3987 1028 4069 Phidippidi
1052 4007 1115 4052 non
1139 3986 1203 4053 iam
1228 3989 1338 4057 Iovem

106 4092 163 4158 sed
189 4090 279 4158 Δῖνον
302 4110 442 4174 regnare
466 4095 624 4161 enuntiat.
650 4131 692 4141 -
717 4095 870 4160 Ceterum
893 4094 965 4176 ipsa
988 4113 1042 4160 res
1066 4095 1113 4160 ita
1136 4094 1278 4176 ferebat,
1303 4103 1340 4163 ut

105 4204 222 4281 poetae
238 4199 319 4266 talia
335 4199 502 4266 variarent
522 4206 620 4283 atque
637 4207 811 4268 mutarent.
849 4200 902 4268 Sic
918 4201 951 4265 in
968 4201 1119 4267 Plautina
1135 4201 1337 4284 Trinummo,

112 4340 481 4381 -5—-—

214 4425 223 4458 ¹
242 4424 288 4480 Sie
307 4424 444 4481 distribuit
463 4426 614 4483 Kaibelius.
