2926 4950
615 170 836 236 ..56ᾓη

127 381 128 386 ’
200 413 202 417 ,
256 415 257 418 η
326 367 418 443 αὐτὸς
442 366 558 453 βαδίζω
582 369 636 431 καί
660 376 756 449 πονῶ,
780 377 888 433 τοῦτον
911 366 938 432 δ’
960 370 1036 455 ὀχῶ,

325 475 376 538 ἵνα
401 478 443 560 μὴ
467 473 696 559 ταλαιπωροῖτο
721 473 791 561 μηδ’
814 476 917 561 ἄχθος
940 475 1045 561 pipam
1074 485 1075 489 ’

1 636 2 639 η
112 582 156 648 Ut
187 583 227 648 ad
258 581 354 648 linem
387 583 469 649 hanc
500 602 569 648 rem
600 585 785 664 perducam,
817 601 919 665 pauca
944 574 1094 650 addenda
1121 593 1197 649 sunt
1218 583 1260 649 de
1285 568 1344 649 sex

112 688 230 755 fabulis
255 689 392 770 integris
405 689 609 770 posterioris
634 691 753 756 aetatis
770 710 853 772 quae
871 710 909 756 ex
926 691 1096 774 soliloquio
1113 698 1343 773 argumentum

112 798 297 862 continente
330 795 511 862 ordiuntur.
561 798 666 879 Atque
691 797 878 864 Terentium
911 801 963 866 nel
992 800 1102 882 potius
1127 798 1344 865 Menandrum

113 902 242 984 quidem
265 902 299 967 in
322 902 480 991 Adelphis
497 900 706 988 artificiosum
729 902 808 968 illud
833 922 935 986 genus
953 923 1130 988 usurpasse
1153 925 1254 988 supro
1278 906 1344 970 iam

113 1011 263 1077 diximus.
307 1013 344 1077 In
368 1012 521 1078 Plautina
544 1010 780 1092 Amphitruone
794 1012 988 1078 ,Mercurius
1005 1013 1084 1095 ipse
1108 1032 1223 1079 nomen
1247 1031 1344 1080 suurn

114 1121 271 1200 enuntiat,
306 1121 390 1202 quod
420 1119 456 1186 fit
488 1118 739 1186 eximitatione
770 1140 882 1186 earum
906 1122 1073 1206 Euripidis
1097 1122 1282 1190 fabularum
1311 1121 1344 1184 in

114 1228 230 1308 quibus
261 1229 366 1292 minus
398 1228 480 1293 artis
513 1226 574 1292 hac
603 1229 636 1292 iu
669 1246 705 1293 re
738 1228 857 1310 posuit.
904 1231 994 1296 idem
1024 1231 1188 1296 invenitur
1212 1229 1286 1295 aliis
1310 1227 1344 1291 in

112 1332 232 1399 fabulis
268 1334 502 1416 mythologicis.
535 1371 577 1381 -
611 1335 652 1399 In
681 1336 785 1401 Milite
817 1337 1002 1403 Mercatore
1036 1338 1232 1405 Truculento
1268 1340 1345 1418 post

115 1440 318 1523 soliloquium
344 1440 472 1506 demum
504 1459 543 1506 ex
576 1440 721 1505 diverbio
745 1446 948 1523 spectatores
972 1442 1043 1510 eius
1077 1445 1132 1526 qui
1164 1442 1346 1529 προλογίζει

114 1565 230 1614 nomen
254 1549 467 1630 comperiunt,
491 1550 524 1614 in
542 1548 727 1615 Cistellaria
745 1568 783 1624 ex
800 1551 1027 1632 praecedentis
1043 1548 1344 1622 scaenaediverbio

114 1657 176 1721 iam
201 1662 371 1722 noverunt.
867 1707 870 1713 .
1128 1676 1131 1681 ’
1299 1712 1300 1716 η

222 1761 445 1829 Tractavimus
474 1763 579 1830 adhuc
609 1764 670 1830 duo
703 1765 831 1848 prologi
862 1783 994 1848 genera,
1033 1784 1170 1848 quorum
1201 1767 1346 1833 alterum

115 1870 303 1936 adiverbio
337 1870 477 1936 alterurn
509 1889 529 1935 a
561 1870 732 1952 soliloquio
764 1870 885 1952 incipit.
934 1871 1125 1938 Addendum
1146 1883 1271 1940 ’autem'
1294 1880 1347 1940 est

114 1983 230 2060 poetas
260 1978 423 2044 interdum
457 1978 550 2043 ambo
580 1975 667 2042 inter
698 1996 733 2042 se
763 1975 905 2041 iunxisse
936 1983 970 2042 et
1002 1976 1195 2059 confudisse,
1231 1983 1280 2046 ita
1309 1987 1347 2046 ut

15 2160 17 2166 λ
116 2087 299 2167 argumenti
323 2104 401 2168 pars
425 2091 645 2166 exponeretur
668 2084 709 2149 ab
733 2084 862 2162 homine
885 2084 940 2165 qui
957 2086 1046 2165 solus
1060 2086 1094 2150 in
1110 2103 1227 2152 scaena
1244 2095 1345 2167 esset,

116 2192 329 2273 conficeretur
352 2191 513 2275 expositio
537 2192 692 2266 divertio.
737 2192 786 2257 Ex
810 2191 1057 2274 Aristophaueis
1073 2191 1215 2259 fortasse
1232 2193 1347 2267 afferri

115 2300 221 2384 possit
251 2301 509 2381 Ecclesiaxusae‚
540 2322 579 2368 ox
610 2301 848 2384 posterioribus
878 2304 941 2369 huc
973 2304 1118 2385 pertinet
1146 2302 1348 2374 Terentiano

117 2408 293 2490 Adelphoe.
340 2406 391 2473 lbi
422 2409 506 2475 enim
538 2408 721 2489 argumenti
754 2407 914 2488 expositio
940 2409 1021 2473 duas
1045 2407 1077 2472 in
1102 2416 1215 2490 partes
1239 2409 1347 2475 divisa

116 2522 183 2582 est:
207 2515 355 2582 Micionis
380 2515 550 2596 soliloquio
572 2515 726 2579 universa
749 2517 853 2596 magis
872 2533 1087 2596 personarum
1102 2515 1227 2582 indoles
1245 2523 1346 2600 utque

115 2625 280 2707 ingenium
313 2623 518 2702 describitur,
554 2625 659 2689 altera
690 2631 798 2688 autem
826 2626 860 2690 in
884 2644 1012 2704 scaena,
1031 2627 1079 2690 'in
1104 2643 1167 2707 qua
1191 2623 1288 2694 Micio
1312 2630 1347 2691 et

116 2734 240 2797 Demea
262 2729 384 2795 fratres
408 2729 496 2800 inter
518 2748 554 2794 se
578 2727 816 2811 colloquuntur,
844 2731 1021 2813 singularis
1045 2732 1231 2814 aliqua‘res
1249 2732 1346 2813 paulo

68 2863 70 2866 ⁴
117 2837 314 2917 antefacta,
339 2856 422 2919 quae
447 2837 581 2902 adrem
604 2837 713 2918 magni
730 2838 1148 2918 momentrest‚÷,narratm.
1189 2839 1347 2922 Hacipsa

118 2965 245 3030 quoque
277 2946 310 3009 in
343 2964 379 3010 re
414 2950 512 3026 poeta
535 2946 674 3010 comicus
704 2951 836 3011 secutus
867 2952 918 3011 est
941 2945 1143 3028 Euripidem,
1174 2947 1267 3012 cuius
1308 2967 1345 3012 ex

117 3053 236 3118 fabulis
261 3052 374 3117 eodem
409 3051 502 3117 modo
527 3056 734 3131 comparatae
759 3056 835 3116 sunt
857 3052 973 3125 Medea
996 3053 1226 3120 Andromacha
1251 3054 1344 3120 aliae.

118 3159 275 3225 Conferas
301 3180 340 3225 ea
364 3178 446 3241 quae
464 3158 627 3223 Aruimius
651 3158 684 3222 in
708 3156 784 3223 libri
809 3177 909 3239 supra
933 3161 1023 3226 allati
1047 3180 1078 3243 p.
1098 3159 1141 3225 95
1159 3167 1192 3226 et
1209 3170 1346 3243 sequen·

118 3264 205 3332 tibus
230 3266 396 3331 disseruit.
535 3265 537 3270 '
743 3280 746 3284 ·

225 3476 472 3543 Transeundum
496 3494 580 3541 nunc
604 3481 677 3540 erat
700 3475 741 3539 ad
766 3493 821 3540 eas
845 3476 1027 3542 comoedias
1050 3479 1083 3542 in
1108 3479 1226 3560 quibus
1251 3498 1347 3561 argu-

118 3595 261 3654 mentum
285 3592 360 3650 aute
384 3581 488 3666 ipsam
512 3580 656 3647 fabulam
680 3603 699 3646 a
722 3601 863 3663 persona
886 3585 1060 3664 exponitur
1084 3603 1167 3667 quae
1188 3585 1221 3649 in
1238 3584 1349 3651 fabula

118 3703 231 3778 partes
255 3712 317 3758 non
342 3693 420 3773 agit.
469 3691 538 3769 Quo
563 3690 602 3754 de
626 3708 746 3770 genere
770 3709 842 3754 cum
867 3696 1018 3756 accurate
1034 3710 1118 3758 nunc
1135 3691 1189 3773 agi
1206 3699 1350 3776 nequeat

117 3823 223 3887 pauca
252 3800 475 3867 tantummodo
507 3797 607 3863 verba
630 3795 796 3861 iaciamus.
845 3797 927 3862 Sunt
949 3797 1025 3863 illae
1049 3817 1211 3886 personae
1236 3799 1349 3883 προλο-

117 3910 258 3998 γίζουσαι
292 3916 350 3973 aut
382 3907 510 3989 prologi
542 3905 675 3986 proprie
711 3906 757 3970 sic
790 3904 955 3986 appellati,
992 3904 1104 3985 quales
1137 3905 1289 3972 novimus
1314 3926 1349 3972 ex

120 4017 266 4085 Terentii
289 4014 408 4080 fabulis
434 4012 591 4089 omnibus,
616 4012 840 4076 Plautinarum
864 4030 981 4091 magna
1005 4018 1110 4093 parte,
1140 4018 1198 4077 aut
1223 4012 1351 4078 divinae

119 4126 169 4192 vel
193 4124 389 4205 allegoricae
417 4137 587 4201 personae.
635 4118 677 4182 Et
701 4137 772 4182 curn
796 4119 988 4199 plerumque
1012 4120 1053 4185 ab
1077 4136 1142 4183 una
1165 4118 1352 4184 huiusmodi

119 4249 259 4313 persona
283 4247 337 4292 res
361 4230 526 4300 narretur,
557 4225 729 4315 nonnullae
754 4232 830 4290 sunt
853 4222 982 4290 fabulae
1006 4233 1082 4290 ante
1108 4245 1189 4308 quas
1213 4226 1352 4292 duarum

118 4336 299 4405 diverbium
323 4341 422 4414 poeta
445 4331 564 4412 posuit.
606 4319 1354 4413 Quo.pertiuetPlautinaTrinummus,‘non-

119 4447 218 4524 nulla
249 4452 287 4508 ut
309 4441 449 4518 videtur,
481 4458 519 4504 ex
543 4438 735 4514 fragmentis
760 4438 905 4503 Graecis.
952 4439 1047 4519 Apud
1072 4439 1266 4522 Euripidem
1293 4442 1355 4507 duo

413 4590 425 4629 t
