<?xml version="1.0" encoding="UTF-8"?>
<!DOCTYPE html PUBLIC "-//W3C//DTD XHTML 1.0 Transitional//EN"
    "http://www.w3.org/TR/xhtml1/DTD/xhtml1-transitional.dtd">
<html xmlns="http://www.w3.org/1999/xhtml" xml:lang="en" lang="en">
 <head>
  <title>
</title>
<meta http-equiv="Content-Type" content="text/html;charset=utf-8" />
  <meta name='ocr-system' content='tesseract 3.04.00' />
  <meta name='ocr-capabilities' content='ocr_page ocr_carea ocr_par ocr_line ocrx_word'/>
</head>
<body>
  <div class='ocr_page' id='page_1' title='image "./decomoediaeatti00frangoog_0055.png"; bbox 0 0 2910 4942; ppageno 0'>
   <div class='ocr_carea' id='block_1_1' title="bbox 609 236 831 304">
    <p class='ocr_par' dir='ltr' id='par_1_1' title="bbox 609 236 831 304">
     <span class='ocr_line' id='line_1_1' title="bbox 609 236 831 304; baseline 0 -20"><span class='ocrx_word' id='word_1_1' title='bbox 609 236 831 304; x_wconf 75' lang='grc'>-38--</span> 
     </span>
    </p>
   </div>
   <div class='ocr_carea' id='block_1_2' title="bbox 107 431 1383 2001">
    <p class='ocr_par' dir='ltr' id='par_1_2' title="bbox 107 431 1347 946">
     <span class='ocr_line' id='line_1_2' title="bbox 107 431 1346 514; baseline 0.002 -16"><span class='ocrx_word' id='word_1_2' title='bbox 107 431 234 499; x_wconf 90' lang='lat' dir='ltr'>sitionis</span> <span class='ocrx_word' id='word_1_3' title='bbox 262 451 365 514; x_wconf 90' lang='lat' dir='ltr'>genus</span> <span class='ocrx_word' id='word_1_4' title='bbox 396 433 489 498; x_wconf 86' lang='lat' dir='ltr'>deest</span> <span class='ocrx_word' id='word_1_5' title='bbox 521 431 555 498; x_wconf 92' lang='lat' dir='ltr'>in</span> <span class='ocrx_word' id='word_1_6' title='bbox 587 433 694 499; x_wconf 88' lang='lat' dir='ltr'>media</span> <span class='ocrx_word' id='word_1_7' title='bbox 714 439 758 500; x_wconf 52' lang='lat' dir='ltr'>*et</span> <span class='ocrx_word' id='word_1_8' title='bbox 792 452 875 499; x_wconf 86' lang='lat' dir='ltr'>nova</span> <span class='ocrx_word' id='word_1_9' title='bbox 911 433 1086 500; x_wconf 85' lang='lat' dir='ltr'>comoedia.</span> <span class='ocrx_word' id='word_1_10' title='bbox 1143 433 1234 500; x_wconf 84' lang='lat' dir='ltr'>Tale</span> <span class='ocrx_word' id='word_1_11' title='bbox 1269 433 1346 500; x_wconf 92' lang='lat' dir='ltr'>enim</span> 
     </span>
     <span class='ocr_line' id='line_1_3' title="bbox 108 539 1346 621; baseline 0.002 -16"><span class='ocrx_word' id='word_1_12' title='bbox 108 540 289 621; x_wconf 87' lang='lat' dir='ltr'>exemplum</span> <span class='ocrx_word' id='word_1_13' title='bbox 313 559 351 603; x_wconf 86' lang='lat' dir='ltr'>ex</span> <span class='ocrx_word' id='word_1_14' title='bbox 368 539 495 604; x_wconf 88' lang='lat' dir='ltr'>Eubulo</span> <span class='ocrx_word' id='word_1_15' title='bbox 514 540 700 606; x_wconf 81' lang='lat' dir='ltr'><strong>Athenaeus</strong></span> <span class='ocrx_word' id='word_1_16' title='bbox 725 561 875 608; x_wconf 85' lang='lat' dir='ltr'>servasse</span> <span class='ocrx_word' id='word_1_17' title='bbox 899 542 977 607; x_wconf 92' lang='lat' dir='ltr'>mihi</span> <span class='ocrx_word' id='word_1_18' title='bbox 1002 541 1134 609; x_wconf 90' lang='lat' dir='ltr'>videtur</span> <span class='ocrx_word' id='word_1_19' title='bbox 1165 542 1346 609; x_wconf 85' lang='lat' dir='ltr'>111108o:</span> 
     </span>
     <span class='ocr_line' id='line_1_4' title="bbox 107 646 1347 734; baseline 0 -24"><span class='ocrx_word' id='word_1_20' title='bbox 107 649 153 710; x_wconf 88' lang='grc' dir='ltr'>ὅτι</span> <span class='ocrx_word' id='word_1_21' title='bbox 186 647 248 731; x_wconf 86' lang='grc' dir='ltr'>γὰρ</span> <span class='ocrx_word' id='word_1_22' title='bbox 278 646 367 708; x_wconf 86' lang='grc' dir='ltr'>οὐδὲν</span> <span class='ocrx_word' id='word_1_23' title='bbox 400 646 515 710; x_wconf 77' lang='grc' dir='ltr'>τούτων</span> <span class='ocrx_word' id='word_1_24' title='bbox 547 647 714 730; x_wconf 80' lang='grc' dir='ltr'>πριάμενος</span> <span class='ocrx_word' id='word_1_25' title='bbox 747 669 822 712; x_wconf 92' lang='grc' dir='ltr'>ποτε</span> <span class='ocrx_word' id='word_1_26' title='bbox 853 650 968 734; x_wconf 80' lang='grc' dir='ltr'>ἔφαγεν</span> <span class='ocrx_word' id='word_1_27' title='bbox 1002 651 1036 712; x_wconf 86' lang='grc' dir='ltr'>εὖ</span> <span class='ocrx_word' id='word_1_28' title='bbox 1059 648 1143 730; x_wconf 80' lang='grc' dir='ltr'>οἶδα,</span> <span class='ocrx_word' id='word_1_29' title='bbox 1182 657 1249 713; x_wconf 85' lang='grc' dir='ltr'>τῶν</span> <span class='ocrx_word' id='word_1_30' title='bbox 1274 669 1347 726; x_wconf 92' lang='grc' dir='ltr'>τινος</span> 
     </span>
     <span class='ocr_line' id='line_1_5' title="bbox 107 754 1346 844; baseline 0.002 -27"><span class='ocrx_word' id='word_1_31' title='bbox 107 755 235 817; x_wconf 81' lang='grc' dir='ltr'>οἰκετων</span> <span class='ocrx_word' id='word_1_32' title='bbox 271 755 366 816; x_wconf 82' lang='grc' dir='ltr'>αὐτοῦ</span> <span class='ocrx_word' id='word_1_33' title='bbox 400 755 539 831; x_wconf 81' lang='grc' dir='ltr'>εἰπόντος</span> <span class='ocrx_word' id='word_1_34' title='bbox 578 757 628 839; x_wconf 86' lang='grc' dir='ltr'>μοί</span> <span class='ocrx_word' id='word_1_35' title='bbox 662 776 738 819; x_wconf 85' lang='grc' dir='ltr'>ποτε</span> <span class='ocrx_word' id='word_1_36' title='bbox 772 758 811 819; x_wconf 82' lang='grc' dir='ltr'>τὰ</span> <span class='ocrx_word' id='word_1_37' title='bbox 845 756 884 819; x_wconf 84' lang='grc' dir='ltr'>ἐκ</span> <span class='ocrx_word' id='word_1_38' title='bbox 919 754 1142 841; x_wconf 80' lang='grc' dir='ltr'>Πορνοβοσκοῦ</span> <span class='ocrx_word' id='word_1_39' title='bbox 1182 755 1346 844; x_wconf 74' lang='grc' dir='ltr'>Εὐβούλου</span> 
     </span>
     <span class='ocr_line' id='line_1_6' title="bbox 107 859 521 946; baseline 0.007 -22"><span class='ocrx_word' id='word_1_40' title='bbox 107 859 232 946; x_wconf 80' lang='grc' dir='ltr'>ἰαμβεῖα</span> <span class='ocrx_word' id='word_1_41' title='bbox 256 859 330 924; x_wconf 80' lang='grc' dir='ltr'>τάδε</span> <span class='ocrx_word' id='word_1_42' title='bbox 354 861 429 944; x_wconf 83' lang='lat' dir='ltr'>(frg.</span> <span class='ocrx_word' id='word_1_43' title='bbox 456 861 521 944; x_wconf 86' lang='lat'>88)·</span> 
     </span>
    </p>

    <p class='ocr_par' dir='ltr' id='par_1_3' title="bbox 320 967 1054 1056">
     <span class='ocr_line' id='line_1_7' title="bbox 320 967 1054 1056; baseline 0.005 -26"><span class='ocrx_word' id='word_1_44' title='bbox 320 967 423 1052; x_wconf 80' lang='grc' dir='ltr'>τρέφει</span> <span class='ocrx_word' id='word_1_45' title='bbox 447 989 485 1052; x_wconf 89' lang='grc' dir='ltr'>με</span> <span class='ocrx_word' id='word_1_46' title='bbox 509 967 665 1045; x_wconf 83' lang='grc' dir='ltr'>Θετταλός</span> <span class='ocrx_word' id='word_1_47' title='bbox 689 991 732 1045; x_wconf 91' lang='grc' dir='ltr'>τις</span> <span class='ocrx_word' id='word_1_48' title='bbox 757 969 925 1054; x_wconf 69' lang='grc' dir='ltr'>ἄνθρωπος</span> <span class='ocrx_word' id='word_1_49' title='bbox 950 969 1054 1056; x_wconf 83' lang='grc' dir='ltr'>βαρύς,</span> 
     </span>
    </p>

    <p class='ocr_par' dir='ltr' id='par_1_4' title="bbox 320 1073 960 1162">
     <span class='ocr_line' id='line_1_8' title="bbox 320 1073 960 1162; baseline 0.006 -26"><span class='ocrx_word' id='word_1_50' title='bbox 320 1073 475 1157; x_wconf 83' lang='grc' dir='ltr'>πλουτῶν,</span> <span class='ocrx_word' id='word_1_51' title='bbox 500 1075 689 1161; x_wconf 78' lang='grc' dir='ltr'>φιλάργυρος</span> <span class='ocrx_word' id='word_1_52' title='bbox 714 1075 748 1140; x_wconf 91' lang='grc' dir='ltr'>δέ</span> <span class='ocrx_word' id='word_1_53' title='bbox 772 1076 960 1162; x_wconf 81' lang='grc' dir='ltr'>κάλιτήριος,</span> 
     </span>
    </p>

    <p class='ocr_par' dir='ltr' id='par_1_5' title="bbox 107 1182 1383 2001">
     <span class='ocr_line' id='line_1_9' title="bbox 321 1182 1024 1270; baseline 0.004 -26"><span class='ocrx_word' id='word_1_54' title='bbox 321 1182 491 1269; x_wconf 82' lang='grc' dir='ltr'>ὀψοφάγος,</span> <span class='ocrx_word' id='word_1_55' title='bbox 517 1183 647 1267; x_wconf 83' lang='grc' dir='ltr'>ὀψωνῶν</span> <span class='ocrx_word' id='word_1_56' title='bbox 671 1183 705 1246; x_wconf 86' lang='grc' dir='ltr'>δέ</span> <span class='ocrx_word' id='word_1_57' title='bbox 730 1182 821 1270; x_wconf 88' lang='grc' dir='ltr'>μέχρι</span> <span class='ocrx_word' id='word_1_58' title='bbox 844 1182 1024 1269; x_wconf 86' lang='grc' dir='ltr'>τριωβόλου.</span> 
     </span>
     <span class='ocr_line' id='line_1_10' title="bbox 108 1281 1346 1374; baseline 0.003 -20"><span class='ocrx_word' id='word_1_59' title='bbox 108 1287 282 1355; x_wconf 81' lang='lat' dir='ltr'>Probabile</span> <span class='ocrx_word' id='word_1_60' title='bbox 311 1281 441 1354; x_wconf 80' lang='lat' dir='ltr'>uidetur</span> <span class='ocrx_word' id='word_1_61' title='bbox 472 1291 563 1355; x_wconf 92' lang='lat' dir='ltr'>illum</span> <span class='ocrx_word' id='word_1_62' title='bbox 596 1290 685 1373; x_wconf 89' lang='lat' dir='ltr'>loqui</span> <span class='ocrx_word' id='word_1_63' title='bbox 719 1293 774 1373; x_wconf 89' lang='lat' dir='ltr'>qui</span> <span class='ocrx_word' id='word_1_64' title='bbox 798 1298 1024 1372; x_wconf 83' lang='lat' dir='ltr'>argumentum</span> <span class='ocrx_word' id='word_1_65' title='bbox 1049 1293 1273 1374; x_wconf 86' lang='lat' dir='ltr'>expediturus</span> <span class='ocrx_word' id='word_1_66' title='bbox 1298 1291 1346 1368; x_wconf 84' lang='lat' dir='ltr'>sit,</span> 
     </span>
     <span class='ocr_line' id='line_1_11' title="bbox 107 1395 1347 1482; baseline 0.004 -21"><span class='ocrx_word' id='word_1_67' title='bbox 107 1398 304 1478; x_wconf 89' lang='lat' dir='ltr'>praesertim</span> <span class='ocrx_word' id='word_1_68' title='bbox 337 1416 408 1462; x_wconf 89' lang='lat' dir='ltr'>cum</span> <span class='ocrx_word' id='word_1_69' title='bbox 441 1395 523 1464; x_wconf 88' lang='lat' dir='ltr'>sine&#39;</span> <span class='ocrx_word' id='word_1_70' title='bbox 544 1397 642 1464; x_wconf 89' lang='lat' dir='ltr'>dubio</span> <span class='ocrx_word' id='word_1_71' title='bbox 674 1399 778 1480; x_wconf 91' lang='lat' dir='ltr'>ipsius</span> <span class='ocrx_word' id='word_1_72' title='bbox 810 1398 945 1478; x_wconf 91' lang='lat' dir='ltr'>lenonis,</span> <span class='ocrx_word' id='word_1_73' title='bbox 979 1399 1100 1482; x_wconf 90' lang='lat' dir='ltr'>quippe</span> <span class='ocrx_word' id='word_1_74' title='bbox 1136 1400 1197 1482; x_wconf 88' lang='lat' dir='ltr'>qui</span> <span class='ocrx_word' id='word_1_75' title='bbox 1223 1400 1347 1482; x_wconf 88' lang='lat' dir='ltr'>primas</span> 
     </span>
     <span class='ocr_line' id='line_1_12' title="bbox 107 1496 1346 1585; baseline 0.003 -17"><span class='ocrx_word' id='word_1_76' title='bbox 107 1510 220 1585; x_wconf 89' lang='lat' dir='ltr'>partes</span> <span class='ocrx_word' id='word_1_77' title='bbox 243 1507 277 1569; x_wconf 93' lang='lat' dir='ltr'>in</span> <span class='ocrx_word' id='word_1_78' title='bbox 301 1502 413 1569; x_wconf 90' lang='lat' dir='ltr'>labula</span> <span class='ocrx_word' id='word_1_79' title='bbox 436 1505 566 1585; x_wconf 84' lang='lat' dir='ltr'>agebat,</span> <span class='ocrx_word' id='word_1_80' title='bbox 591 1523 698 1570; x_wconf 91' lang='lat' dir='ltr'>mores</span> <span class='ocrx_word' id='word_1_81' title='bbox 714 1502 952 1570; x_wconf 90' lang='lat' dir='ltr'>describantur.</span> <span class='ocrx_word' id='word_1_82' title='bbox 989 1505 1038 1570; x_wconf 83' lang='lat' dir='ltr'>Ex</span> <span class='ocrx_word' id='word_1_83' title='bbox 1059 1496 1212 1572; x_wconf 87' lang='lat' dir='ltr'>diverbio</span> <span class='ocrx_word' id='word_1_84' title='bbox 1237 1514 1346 1574; x_wconf 89' lang='lat' dir='ltr'>autem</span> 
     </span>
     <span class='ocr_line' id='line_1_13' title="bbox 109 1611 1383 1694; baseline 0.004 -18"><span class='ocrx_word' id='word_1_85' title='bbox 109 1612 190 1678; x_wconf 93' lang='lat' dir='ltr'>haec</span> <span class='ocrx_word' id='word_1_86' title='bbox 223 1618 354 1693; x_wconf 92' lang='lat' dir='ltr'>sumpta</span> <span class='ocrx_word' id='word_1_87' title='bbox 382 1632 454 1678; x_wconf 87' lang='lat' dir='ltr'>esse</span> <span class='ocrx_word' id='word_1_88' title='bbox 477 1613 528 1678; x_wconf 82' lang='lat' dir='ltr'>vix</span> <span class='ocrx_word' id='word_1_89' title='bbox 552 1611 709 1678; x_wconf 82' lang='lat' dir='ltr'>censebis.</span> <span class='ocrx_word' id='word_1_90' title='bbox 757 1613 958 1694; x_wconf 82' lang='lat' dir='ltr'>Quamquam</span> <span class='ocrx_word' id='word_1_91' title='bbox 982 1619 1091 1679; x_wconf 92' lang='lat' dir='ltr'>autem</span> <span class='ocrx_word' id='word_1_92' title='bbox 1115 1613 1268 1681; x_wconf 85' lang='lat' dir='ltr'>fortasse</span> <span class='ocrx_word' id='word_1_93' title='bbox 1293 1617 1345 1681; x_wconf 91' lang='lat' dir='ltr'>du·</span> <span class='ocrx_word' id='word_1_94' title='bbox 1381 1614 1383 1681; x_wconf 79' lang='grc' dir='ltr'>Ξ</span> 
     </span>
     <span class='ocr_line' id='line_1_14' title="bbox 108 1718 1343 1803; baseline 0.002 -19"><span class='ocrx_word' id='word_1_95' title='bbox 108 1718 207 1784; x_wconf 88' lang='lat' dir='ltr'>bitari</span> <span class='ocrx_word' id='word_1_96' title='bbox 239 1725 349 1801; x_wconf 89' lang='lat' dir='ltr'>potest</span> <span class='ocrx_word' id='word_1_97' title='bbox 378 1726 488 1785; x_wconf 89' lang='lat' dir='ltr'>utrum</span> <span class='ocrx_word' id='word_1_98' title='bbox 512 1731 627 1785; x_wconf 82' lang='lat' dir='ltr'>servus</span> <span class='ocrx_word' id='word_1_99' title='bbox 652 1721 805 1800; x_wconf 86' lang='lat' dir='ltr'>loquatur</span> <span class='ocrx_word' id='word_1_100' title='bbox 828 1738 869 1786; x_wconf 90' lang='lat' dir='ltr'>an</span> <span class='ocrx_word' id='word_1_101' title='bbox 893 1718 1073 1786; x_wconf 86' lang='lat' dir='ltr'>meretrix¹</span> <span class='ocrx_word' id='word_1_102' title='bbox 1096 1740 1136 1786; x_wconf 90' lang='lat' dir='ltr'>an</span> <span class='ocrx_word' id='word_1_103' title='bbox 1163 1721 1343 1803; x_wconf 86' lang='lat' dir='ltr'>parasitus,</span> 
     </span>
     <span class='ocr_line' id='line_1_15' title="bbox 108 1826 1341 1910; baseline 0.001 -17"><span class='ocrx_word' id='word_1_104' title='bbox 108 1833 216 1893; x_wconf 91' lang='lat' dir='ltr'>tamen</span> <span class='ocrx_word' id='word_1_105' title='bbox 241 1826 327 1909; x_wconf 88' lang='lat' dir='ltr'>quod</span> <span class='ocrx_word' id='word_1_106' title='bbox 350 1826 420 1907; x_wconf 90' lang='lat' dir='ltr'>ipse</span> <span class='ocrx_word' id='word_1_107' title='bbox 438 1826 625 1892; x_wconf 80' lang='lat' dir='ltr'>Athenaeus</span> <span class='ocrx_word' id='word_1_108' title='bbox 649 1842 779 1892; x_wconf 85' lang='lat' dir='ltr'>servum</span> <span class='ocrx_word' id='word_1_109' title='bbox 803 1826 884 1893; x_wconf 90' lang='lat' dir='ltr'>haec</span> <span class='ocrx_word' id='word_1_110' title='bbox 901 1826 1062 1894; x_wconf 84' lang='lat' dir='ltr'>dicentem</span> <span class='ocrx_word' id='word_1_111' title='bbox 1085 1826 1183 1910; x_wconf 89' lang='lat' dir='ltr'>lingit</span> <span class='ocrx_word' id='word_1_112' title='bbox 1208 1829 1253 1894; x_wconf 92' lang='lat' dir='ltr'>ad</span> <span class='ocrx_word' id='word_1_113' title='bbox 1278 1848 1341 1895; x_wconf 92' lang='lat' dir='ltr'>rem</span> 
     </span>
     <span class='ocr_line' id='line_1_16' title="bbox 109 1933 767 2001; baseline 0.003 -3"><span class='ocrx_word' id='word_1_114' title='bbox 109 1933 346 1999; x_wconf 87' lang='lat' dir='ltr'>diiudicandam</span> <span class='ocrx_word' id='word_1_115' title='bbox 370 1933 505 1999; x_wconf 91' lang='lat' dir='ltr'>alicuius</span> <span class='ocrx_word' id='word_1_116' title='bbox 529 1933 684 2000; x_wconf 90' lang='lat' dir='ltr'>momenti</span> <span class='ocrx_word' id='word_1_117' title='bbox 708 1942 767 2001; x_wconf 91' lang='lat' dir='ltr'>est.</span> 
     </span>
    </p>
   </div>
   <div class='ocr_carea' id='block_1_3' title="bbox 109 2057 1383 3428">
    <p class='ocr_par' dir='ltr' id='par_1_6' title="bbox 109 2057 1340 2360">
     <span class='ocr_line' id='line_1_17' title="bbox 216 2057 1339 2143; baseline 0.003 -21"><span class='ocrx_word' id='word_1_118' title='bbox 216 2058 341 2124; x_wconf 88' lang='lat' dir='ltr'>Deinde</span> <span class='ocrx_word' id='word_1_119' title='bbox 376 2059 438 2123; x_wconf 93' lang='lat' dir='ltr'>huc</span> <span class='ocrx_word' id='word_1_120' title='bbox 473 2057 583 2125; x_wconf 89' lang='lat' dir='ltr'>refero</span> <span class='ocrx_word' id='word_1_121' title='bbox 618 2059 784 2141; x_wconf 90' lang='lat' dir='ltr'>Posidippi</span> <span class='ocrx_word' id='word_1_122' title='bbox 819 2060 923 2125; x_wconf 90' lang='lat' dir='ltr'>locum</span> <span class='ocrx_word' id='word_1_123' title='bbox 960 2060 1065 2143; x_wconf 86' lang='lat' dir='ltr'>(Kock</span> <span class='ocrx_word' id='word_1_124' title='bbox 1097 2059 1147 2125; x_wconf 93' lang='lat' dir='ltr'>III</span> <span class='ocrx_word' id='word_1_125' title='bbox 1184 2079 1219 2141; x_wconf 92' lang='lat' dir='ltr'>p.</span> <span class='ocrx_word' id='word_1_126' title='bbox 1254 2059 1339 2139; x_wconf 80' lang='lat'><strong>336).</strong></span> 
     </span>
     <span class='ocr_line' id='line_1_18' title="bbox 110 2165 1340 2253; baseline 0.002 -24"><span class='ocrx_word' id='word_1_127' title='bbox 110 2167 297 2231; x_wconf 82' lang='lat' dir='ltr'>Athenaeus</span> <span class='ocrx_word' id='word_1_128' title='bbox 321 2167 397 2232; x_wconf 88' lang='lat' dir='ltr'>XIV</span> <span class='ocrx_word' id='word_1_129' title='bbox 433 2166 523 2231; x_wconf 78' lang='lat'>6590</span> <span class='ocrx_word' id='word_1_130' title='bbox 555 2166 636 2231; x_wconf 89' lang='lat' dir='ltr'>haec</span> <span class='ocrx_word' id='word_1_131' title='bbox 667 2167 782 2233; x_wconf 88' lang='lat' dir='ltr'>babet:</span> <span class='ocrx_word' id='word_1_132' title='bbox 800 2210 801 2215; x_wconf 19' lang='grc' dir='ltr'>κ</span> <span class='ocrx_word' id='word_1_133' title='bbox 819 2165 890 2231; x_wconf 84' lang='grc' dir='ltr'>ἀλλ’</span> <span class='ocrx_word' id='word_1_134' title='bbox 920 2169 937 2230; x_wconf 80' lang='lat' dir='ltr'>d</span> <span class='ocrx_word' id='word_1_135' title='bbox 968 2188 1004 2253; x_wconf 87' lang='grc' dir='ltr'>γε</span> <span class='ocrx_word' id='word_1_136' title='bbox 1027 2165 1243 2244; x_wconf 86' lang='grc' dir='ltr'>Ποσείδιππος</span> <span class='ocrx_word' id='word_1_137' title='bbox 1277 2168 1340 2252; x_wconf 82' lang='grc' dir='ltr'>περί</span> 
     </span>
     <span class='ocr_line' id='line_1_19' title="bbox 109 2269 961 2360; baseline 0.007 -27"><span class='ocrx_word' id='word_1_138' title='bbox 109 2270 228 2335; x_wconf 84' lang='grc' dir='ltr'>δούλων</span> <span class='ocrx_word' id='word_1_139' title='bbox 253 2272 407 2357; x_wconf 80' lang='grc' dir='ltr'>μαγείρων</span> <span class='ocrx_word' id='word_1_140' title='bbox 431 2274 463 2338; x_wconf 87' lang='grc' dir='ltr'>έν</span> <span class='ocrx_word' id='word_1_141' title='bbox 485 2269 735 2360; x_wconf 78' lang='grc' dir='ltr'>Ἀποκλειομένῃ</span> <span class='ocrx_word' id='word_1_142' title='bbox 760 2275 861 2360; x_wconf 86' lang='grc' dir='ltr'>φησίν·</span> <span class='ocrx_word' id='word_1_143' title='bbox 960 2344 961 2347; x_wconf 48' lang='lat'>,</span> 
     </span>
    </p>

    <p class='ocr_par' dir='ltr' id='par_1_7' title="bbox 299 2379 1020 2466">
     <span class='ocr_line' id='line_1_20' title="bbox 299 2379 1020 2466; baseline 0.004 -24"><span class='ocrx_word' id='word_1_144' title='bbox 299 2382 409 2443; x_wconf 79' lang='grc' dir='ltr'>’ταυτί</span> <span class='ocrx_word' id='word_1_145' title='bbox 434 2382 489 2463; x_wconf 86' lang='grc' dir='ltr'>μὲν</span> <span class='ocrx_word' id='word_1_146' title='bbox 513 2382 566 2444; x_wconf 81' lang='grc' dir='ltr'>οὖν</span> <span class='ocrx_word' id='word_1_147' title='bbox 590 2390 727 2445; x_wconf 85' lang='grc' dir='ltr'>τοιαῦτα.</span> <span class='ocrx_word' id='word_1_148' title='bbox 752 2379 911 2466; x_wconf 72' lang='grc' dir='ltr'>συμβαίνει</span> <span class='ocrx_word' id='word_1_149' title='bbox 935 2379 968 2443; x_wconf 88' lang='grc' dir='ltr'>δέ</span> <span class='ocrx_word' id='word_1_150' title='bbox 991 2401 1020 2445; x_wconf 90' lang='grc' dir='ltr'>τι</span> 
     </span>
    </p>

    <p class='ocr_par' dir='ltr' id='par_1_8' title="bbox 322 2487 1001 2574">
     <span class='ocr_line' id='line_1_21' title="bbox 322 2487 1001 2574; baseline 0.001 -23"><span class='ocrx_word' id='word_1_151' title='bbox 322 2496 375 2551; x_wconf 87' lang='grc' dir='ltr'>νῦν</span> <span class='ocrx_word' id='word_1_152' title='bbox 400 2508 450 2571; x_wconf 92' lang='grc' dir='ltr'>μοι</span> <span class='ocrx_word' id='word_1_153' title='bbox 474 2487 666 2553; x_wconf 82' lang='grc' dir='ltr'>διακονοῦντι</span> <span class='ocrx_word' id='word_1_154' title='bbox 690 2491 775 2572; x_wconf 83' lang='grc' dir='ltr'>παρὰ</span> <span class='ocrx_word' id='word_1_155' title='bbox 798 2496 841 2574; x_wconf 81' lang='grc' dir='ltr'>τῷ</span> <span class='ocrx_word' id='word_1_156' title='bbox 865 2487 1001 2572; x_wconf 77' lang='grc' dir='ltr'>δεσπότῃ</span> 
     </span>
    </p>

    <p class='ocr_par' dir='ltr' id='par_1_9' title="bbox 109 2593 1383 3107">
     <span class='ocr_line' id='line_1_22' title="bbox 323 2593 1383 2689; baseline 0.002 -33"><span class='ocrx_word' id='word_1_157' title='bbox 323 2594 455 2658; x_wconf 86' lang='grc' dir='ltr'>ἀστεῖον·</span> <span class='ocrx_word' id='word_1_158' title='bbox 480 2596 539 2680; x_wconf 86' lang='grc' dir='ltr'>οὐχ</span> <span class='ocrx_word' id='word_1_159' title='bbox 562 2593 702 2679; x_wconf 73' lang='grc' dir='ltr'>ἁλώσομ’</span> <span class='ocrx_word' id='word_1_160' title='bbox 724 2594 864 2681; x_wconf 80' lang='grc' dir='ltr'>ἐκφέρων</span> <span class='ocrx_word' id='word_1_161' title='bbox 888 2593 993 2680; x_wconf 89' lang='grc' dir='ltr'>κρέας.</span> <span class='ocrx_word' id='word_1_162' title='bbox 1381 2632 1383 2689; x_wconf 75' lang='grc' dir='ltr'>γ</span> 
     </span>
     <span class='ocr_line' id='line_1_23' title="bbox 109 2698 1383 2784; baseline 0.002 -20"><span class='ocrx_word' id='word_1_163' title='bbox 109 2699 146 2764; x_wconf 93' lang='lat' dir='ltr'>In</span> <span class='ocrx_word' id='word_1_164' title='bbox 178 2699 219 2764; x_wconf 91' lang='lat' dir='ltr'>iis</span> <span class='ocrx_word' id='word_1_165' title='bbox 252 2719 336 2782; x_wconf 90' lang='lat' dir='ltr'>quae</span> <span class='ocrx_word' id='word_1_166' title='bbox 368 2702 609 2783; x_wconf 82' lang='lat' dir='ltr'>praecedebant</span> <span class='ocrx_word' id='word_1_167' title='bbox 642 2721 756 2768; x_wconf 88' lang='lat' dir='ltr'>servus</span> <span class='ocrx_word' id='word_1_168' title='bbox 789 2702 830 2768; x_wconf 92' lang='lat' dir='ltr'>de</span> <span class='ocrx_word' id='word_1_169' title='bbox 863 2702 1051 2768; x_wconf 90' lang='lat' dir='ltr'>condicione</span> <span class='ocrx_word' id='word_1_170' title='bbox 1083 2720 1145 2768; x_wconf 91' lang='lat' dir='ltr'>sua</span> <span class='ocrx_word' id='word_1_171' title='bbox 1173 2702 1340 2784; x_wconf 84' lang='lat' dir='ltr'>totiusque</span> <span class='ocrx_word' id='word_1_172' title='bbox 1381 2698 1383 2709; x_wconf 90' lang='lat'>&#39;</span> 
     </span>
     <span class='ocr_line' id='line_1_24' title="bbox 109 2806 1340 2892; baseline 0.002 -20"><span class='ocrx_word' id='word_1_173' title='bbox 109 2806 239 2872; x_wconf 90' lang='lat' dir='ltr'>labulae</span> <span class='ocrx_word' id='word_1_174' title='bbox 263 2816 455 2889; x_wconf 88' lang='lat' dir='ltr'>argomento</span> <span class='ocrx_word' id='word_1_175' title='bbox 480 2811 641 2890; x_wconf 85' lang='lat' dir='ltr'>copiosius</span> <span class='ocrx_word' id='word_1_176' title='bbox 666 2813 774 2892; x_wconf 84' lang='lat' dir='ltr'>egisse</span> <span class='ocrx_word' id='word_1_177' title='bbox 797 2807 958 2876; x_wconf 64' lang='lat' dir='ltr'>videturl.</span> <span class='ocrx_word' id='word_1_178' title='bbox 1006 2809 1102 2876; x_wconf 89' lang='lat' dir='ltr'>Tales</span> <span class='ocrx_word' id='word_1_179' title='bbox 1130 2810 1340 2876; x_wconf 87' lang='lat' dir='ltr'>narrationes</span> 
     </span>
     <span class='ocr_line' id='line_1_25' title="bbox 109 2915 1340 3002; baseline 0.001 -23"><span class='ocrx_word' id='word_1_180' title='bbox 109 2916 272 2997; x_wconf 82' lang='lat' dir='ltr'>longiores</span> <span class='ocrx_word' id='word_1_181' title='bbox 296 2924 413 2998; x_wconf 89' lang='lat' dir='ltr'>poetae</span> <span class='ocrx_word' id='word_1_182' title='bbox 444 2918 592 2999; x_wconf 86' lang='lat' dir='ltr'>inprimis</span> <span class='ocrx_word' id='word_1_183' title='bbox 619 2918 738 2999; x_wconf 88' lang='lat' dir='ltr'>tragici</span> <span class='ocrx_word' id='word_1_184' title='bbox 760 2918 846 2984; x_wconf 91' lang='lat' dir='ltr'>huno</span> <span class='ocrx_word' id='word_1_185' title='bbox 869 2917 902 2982; x_wconf 91' lang='lat' dir='ltr'>in</span> <span class='ocrx_word' id='word_1_186' title='bbox 926 2917 1055 2983; x_wconf 92' lang='lat' dir='ltr'>modum</span> <span class='ocrx_word' id='word_1_187' title='bbox 1080 2915 1182 3002; x_wconf 77' lang='lat' dir='ltr'>(cauri</span> <span class='ocrx_word' id='word_1_188' title='bbox 1209 2919 1267 3002; x_wconf 83' lang='grc' dir='ltr'>μὲν</span> <span class='ocrx_word' id='word_1_189' title='bbox 1291 2918 1340 2980; x_wconf 76' lang='grc' dir='ltr'>οὖν</span> 
     </span>
     <span class='ocr_line' id='line_1_26' title="bbox 109 3019 1073 3107; baseline 0.007 -22"><span class='ocrx_word' id='word_1_190' title='bbox 109 3023 250 3107; x_wconf 81' lang='grc' dir='ltr'>τοιαῦτα)</span> <span class='ocrx_word' id='word_1_191' title='bbox 275 3019 368 3086; x_wconf 91' lang='lat' dir='ltr'>finire</span> <span class='ocrx_word' id='word_1_192' title='bbox 393 3023 506 3088; x_wconf 88' lang='lat' dir='ltr'>solent.</span> <span class='ocrx_word' id='word_1_193' title='bbox 555 3021 712 3090; x_wconf 83' lang='lat' dir='ltr'>Conleras</span> <span class='ocrx_word' id='word_1_194' title='bbox 736 3024 833 3107; x_wconf 89' lang='lat' dir='ltr'>Soph.</span> <span class='ocrx_word' id='word_1_195' title='bbox 860 3026 908 3091; x_wconf 87' lang='grc' dir='ltr'>Αἰ.</span> <span class='ocrx_word' id='word_1_196' title='bbox 935 3045 963 3091; x_wconf 93' lang='grc' dir='ltr'>ν.</span> <span class='ocrx_word' id='word_1_197' title='bbox 990 3023 1073 3092; x_wconf 77' lang='lat'><strong>327:</strong></span> 
     </span>
    </p>

    <p class='ocr_par' dir='ltr' id='par_1_10' title="bbox 110 3128 1016 3324">
     <span class='ocr_line' id='line_1_27' title="bbox 323 3128 1016 3219; baseline 0.009 -29"><span class='ocrx_word' id='word_1_198' title='bbox 323 3138 450 3191; x_wconf 80' lang='grc' dir='ltr'>τοιαῦτα</span> <span class='ocrx_word' id='word_1_199' title='bbox 473 3128 534 3214; x_wconf 87' lang='grc' dir='ltr'>γάρ</span> <span class='ocrx_word' id='word_1_200' title='bbox 557 3151 624 3206; x_wconf 86' lang='grc' dir='ltr'>πως</span> <span class='ocrx_word' id='word_1_201' title='bbox 648 3134 701 3196; x_wconf 85' lang='grc' dir='ltr'>καί</span> <span class='ocrx_word' id='word_1_202' title='bbox 725 3131 810 3218; x_wconf 87' lang='grc' dir='ltr'>λέγει</span> <span class='ocrx_word' id='word_1_203' title='bbox 833 3131 1016 3219; x_wconf 76' lang='grc' dir='ltr'>κώδίυρεται,</span> 
     </span>
     <span class='ocr_line' id='line_1_28' title="bbox 110 3235 570 3324; baseline 0 -22"><span class='ocrx_word' id='word_1_204' title='bbox 110 3238 201 3308; x_wconf 76' lang='lat' dir='ltr'>Eis.</span> <span class='ocrx_word' id='word_1_205' title='bbox 216 3238 298 3304; x_wconf 83' lang='lat'><strong>293:</strong></span> <span class='ocrx_word' id='word_1_206' title='bbox 322 3235 390 3300; x_wconf 80' lang='grc' dir='ltr'>τάδ’</span> <span class='ocrx_word' id='word_1_207' title='bbox 412 3236 570 3324; x_wconf 80' lang='grc' dir='ltr'>ἐξυβρίζει.</span> 
     </span>
    </p>

    <p class='ocr_par' dir='ltr' id='par_1_11' title="bbox 217 3343 605 3428">
     <span class='ocr_line' id='line_1_29' title="bbox 217 3343 605 3428; baseline 0.003 -19"><span class='ocrx_word' id='word_1_208' title='bbox 217 3345 298 3409; x_wconf 84' lang='lat'><strong>299:</strong></span> <span class='ocrx_word' id='word_1_209' title='bbox 322 3343 444 3409; x_wconf 67' lang='grc' dir='ltr'>τοιαῦθ’</span> <span class='ocrx_word' id='word_1_210' title='bbox 467 3345 605 3428; x_wconf 83' lang='grc' dir='ltr'>ὑλακτεῖ,</span> 
     </span>
    </p>
   </div>
   <div class='ocr_carea' id='block_1_4' title="bbox 110 3453 1019 3645">
    <p class='ocr_par' dir='ltr' id='par_1_12' title="bbox 110 3453 1019 3645">
     <span class='ocr_line' id='line_1_30' title="bbox 110 3453 441 3521; baseline 0.003 -3"><span class='ocrx_word' id='word_1_211' title='bbox 110 3454 187 3518; x_wconf 82' lang='grc' dir='ltr'>Ευυ.</span> <span class='ocrx_word' id='word_1_212' title='bbox 213 3455 280 3521; x_wconf 83' lang='grc' dir='ltr'>ΑΙο.</span> <span class='ocrx_word' id='word_1_213' title='bbox 305 3474 332 3518; x_wconf 92' lang='grc' dir='ltr'>ν.</span> <span class='ocrx_word' id='word_1_214' title='bbox 361 3453 441 3519; x_wconf 87' lang='grc'>196;</span> 
     </span>
     <span class='ocr_line' id='line_1_31' title="bbox 323 3557 1019 3645; baseline 0 -23"><span class='ocrx_word' id='word_1_215' title='bbox 323 3559 437 3624; x_wconf 79' lang='grc' dir='ltr'>τοιαῦτ’</span> <span class='ocrx_word' id='word_1_216' title='bbox 459 3562 491 3625; x_wconf 82' lang='grc' dir='ltr'>έν</span> <span class='ocrx_word' id='word_1_217' title='bbox 516 3565 612 3638; x_wconf 84' lang='grc' dir='ltr'>οἴκοις</span> <span class='ocrx_word' id='word_1_218' title='bbox 635 3562 716 3625; x_wconf 86' lang='grc' dir='ltr'>ἐστίν</span> <span class='ocrx_word' id='word_1_219' title='bbox 740 3557 897 3645; x_wconf 78' lang='grc' dir='ltr'>Ἀδμήτου</span> <span class='ocrx_word' id='word_1_220' title='bbox 922 3559 1019 3623; x_wconf 87' lang='grc' dir='ltr'>κακοί.</span> 
     </span>
    </p>
   </div>
   <div class='ocr_carea' id='block_1_5' title="bbox 109 3682 1341 4305">
    <p class='ocr_par' dir='ltr' id='par_1_13' title="bbox 109 3682 1341 4305">
     <span class='ocr_line' id='line_1_32' title="bbox 217 3682 1341 3766; baseline 0.002 -17"><span class='ocrx_word' id='word_1_221' title='bbox 217 3686 399 3750; x_wconf 86' lang='lat' dir='ltr'>Adnectere</span> <span class='ocrx_word' id='word_1_222' title='bbox 416 3685 468 3751; x_wconf 89' lang='lat' dir='ltr'>hic</span> <span class='ocrx_word' id='word_1_223' title='bbox 489 3685 569 3752; x_wconf 90' lang='lat' dir='ltr'>libet</span> <span class='ocrx_word' id='word_1_224' title='bbox 592 3705 662 3751; x_wconf 92' lang='lat' dir='ltr'>eam</span> <span class='ocrx_word' id='word_1_225' title='bbox 688 3683 898 3766; x_wconf 87' lang='lat' dir='ltr'>expositionis</span> <span class='ocrx_word' id='word_1_226' title='bbox 921 3682 1081 3748; x_wconf 89' lang='lat' dir='ltr'>rationem</span> <span class='ocrx_word' id='word_1_227' title='bbox 1098 3700 1197 3763; x_wconf 90' lang='lat' dir='ltr'>quam</span> <span class='ocrx_word' id='word_1_228' title='bbox 1215 3702 1341 3751; x_wconf 92' lang='lat' dir='ltr'>comoe-</span> 
     </span>
     <span class='ocr_line' id='line_1_33' title="bbox 110 3788 1340 3875; baseline -0.001 -19"><span class='ocrx_word' id='word_1_229' title='bbox 110 3792 172 3856; x_wconf 90' lang='lat' dir='ltr'>diis</span> <span class='ocrx_word' id='word_1_230' title='bbox 209 3792 445 3874; x_wconf 88' lang='lat' dir='ltr'>mythologiois,</span> <span class='ocrx_word' id='word_1_231' title='bbox 483 3792 799 3875; x_wconf 72' lang='lat' dir='ltr'>„tragicomoediis“‚</span> <span class='ocrx_word' id='word_1_232' title='bbox 835 3796 952 3871; x_wconf 88' lang='lat' dir='ltr'>poetae</span> <span class='ocrx_word' id='word_1_233' title='bbox 986 3788 1144 3855; x_wconf 91' lang='lat' dir='ltr'>adbibere</span> <span class='ocrx_word' id='word_1_234' title='bbox 1177 3792 1340 3858; x_wconf 87' lang='lat' dir='ltr'>solebant.</span> 
     </span>
     <span class='ocr_line' id='line_1_34' title="bbox 110 3895 1340 3977; baseline -0.002 -12"><span class='ocrx_word' id='word_1_235' title='bbox 110 3900 234 3965; x_wconf 91' lang='lat' dir='ltr'>Harum</span> <span class='ocrx_word' id='word_1_236' title='bbox 268 3903 352 3967; x_wconf 91' lang='lat' dir='ltr'>enim</span> <span class='ocrx_word' id='word_1_237' title='bbox 385 3901 570 3967; x_wconf 89' lang='lat' dir='ltr'>fabularum</span> <span class='ocrx_word' id='word_1_238' title='bbox 602 3899 635 3963; x_wconf 93' lang='lat' dir='ltr'>in</span> <span class='ocrx_word' id='word_1_239' title='bbox 667 3896 759 3962; x_wconf 89' lang='lat' dir='ltr'>initio</span> <span class='ocrx_word' id='word_1_240' title='bbox 792 3915 857 3961; x_wconf 93' lang='lat' dir='ltr'>una</span> <span class='ocrx_word' id='word_1_241' title='bbox 888 3915 927 3961; x_wconf 87' lang='lat' dir='ltr'>ex</span> <span class='ocrx_word' id='word_1_242' title='bbox 956 3895 1105 3977; x_wconf 89' lang='lat' dir='ltr'>personis</span> <span class='ocrx_word' id='word_1_243' title='bbox 1127 3896 1248 3963; x_wconf 86' lang='lat' dir='ltr'>divinis</span> <span class='ocrx_word' id='word_1_244' title='bbox 1272 3917 1340 3965; x_wconf 91' lang='lat' dir='ltr'>rem</span> 
     </span>
     <span class='ocr_line' id='line_1_35' title="bbox 110 4001 1340 4088; baseline -0.001 -17"><span class='ocrx_word' id='word_1_245' title='bbox 110 4007 252 4088; x_wconf 84' lang='lat' dir='ltr'>exponit,</span> <span class='ocrx_word' id='word_1_246' title='bbox 278 4026 361 4088; x_wconf 91' lang='lat' dir='ltr'>quae</span> <span class='ocrx_word' id='word_1_247' title='bbox 386 4026 456 4071; x_wconf 91' lang='lat' dir='ltr'>cnm</span> <span class='ocrx_word' id='word_1_248' title='bbox 481 4013 517 4071; x_wconf 93' lang='lat' dir='ltr'>ut</span> <span class='ocrx_word' id='word_1_249' title='bbox 541 4007 619 4071; x_wconf 91' lang='lat' dir='ltr'>deus</span> <span class='ocrx_word' id='word_1_250' title='bbox 644 4006 750 4069; x_wconf 89' lang='lat' dir='ltr'>omnia</span> <span class='ocrx_word' id='word_1_251' title='bbox 774 4003 856 4070; x_wconf 89' lang='lat' dir='ltr'>sciat</span> <span class='ocrx_word' id='word_1_252' title='bbox 880 4002 920 4068; x_wconf 89' lang='lat' dir='ltr'>ad</span> <span class='ocrx_word' id='word_1_253' title='bbox 944 4004 1005 4069; x_wconf 89' lang='lat' dir='ltr'>boc</span> <span class='ocrx_word' id='word_1_254' title='bbox 1028 4001 1213 4070; x_wconf 89' lang='lat' dir='ltr'>laciendum</span> <span class='ocrx_word' id='word_1_255' title='bbox 1239 4007 1340 4088; x_wconf 85' lang='lat' dir='ltr'>aptis·</span> 
     </span>
     <span class='ocr_line' id='line_1_36' title="bbox 110 4110 1340 4194; baseline 0.001 -17"><span class='ocrx_word' id='word_1_256' title='bbox 110 4114 191 4179; x_wconf 91' lang='lat' dir='ltr'>sima</span> <span class='ocrx_word' id='word_1_257' title='bbox 222 4121 281 4180; x_wconf 92' lang='lat' dir='ltr'>est.</span> <span class='ocrx_word' id='word_1_258' title='bbox 331 4114 420 4179; x_wconf 88' lang='lat' dir='ltr'>Talis</span> <span class='ocrx_word' id='word_1_259' title='bbox 450 4113 577 4194; x_wconf 89' lang='lat' dir='ltr'>prologi</span> <span class='ocrx_word' id='word_1_260' title='bbox 610 4118 738 4193; x_wconf 91' lang='lat' dir='ltr'>partem</span> <span class='ocrx_word' id='word_1_261' title='bbox 772 4130 811 4176; x_wconf 83' lang='lat' dir='ltr'>ex</span> <span class='ocrx_word' id='word_1_262' title='bbox 833 4110 1073 4176; x_wconf 85' lang='lat' dir='ltr'>Anaxandridis</span> <span class='ocrx_word' id='word_1_263' title='bbox 1104 4110 1214 4178; x_wconf 89' lang='lat' dir='ltr'>Nereo</span> <span class='ocrx_word' id='word_1_264' title='bbox 1240 4112 1340 4178; x_wconf 76' lang='lat' dir='ltr'>duhe-</span> 
     </span>
     <span class='ocr_line' id='line_1_37' title="bbox 109 4219 780 4305; baseline -0.003 -19"><span class='ocrx_word' id='word_1_265' title='bbox 109 4241 211 4287; x_wconf 89' lang='lat' dir='ltr'>naeus</span> <span class='ocrx_word' id='word_1_266' title='bbox 236 4222 379 4287; x_wconf 85' lang='lat' dir='ltr'>servavit</span> <span class='ocrx_word' id='word_1_267' title='bbox 402 4222 464 4287; x_wconf 89' lang='lat' dir='ltr'>VII</span> <span class='ocrx_word' id='word_1_268' title='bbox 488 4219 582 4285; x_wconf 81' lang='lat' dir='ltr'>295e</span> <span class='ocrx_word' id='word_1_269' title='bbox 607 4219 682 4305; x_wconf 87' lang='lat' dir='ltr'>(frg.</span> <span class='ocrx_word' id='word_1_270' title='bbox 709 4219 780 4302; x_wconf 85' lang='lat'>30):</span> 
     </span>
    </p>
   </div>
   <div class='ocr_carea' id='block_1_6' title="bbox 218 4391 901 4591">
    <p class='ocr_par' dir='ltr' id='par_1_14' title="bbox 218 4391 901 4591">
     <span class='ocr_line' id='line_1_38' title="bbox 218 4391 633 4501; baseline 0 -14"><span class='ocrx_word' id='word_1_271' title='bbox 218 4391 377 4488; x_wconf 74' lang='lat' dir='ltr'>¹vcromeras</span> <span class='ocrx_word' id='word_1_272' title='bbox 396 4431 501 4501; x_wconf 82' lang='lat' dir='ltr'>nrpnnr</span> <span class='ocrx_word' id='word_1_273' title='bbox 520 4431 570 4501; x_wconf 77' lang='lat' dir='ltr'>ng.</span> <span class='ocrx_word' id='word_1_274' title='bbox 590 4432 633 4489; x_wconf 81' lang='lat' dir='ltr'>sn.</span> 
     </span>
     <span class='ocr_line' id='line_1_39' title="bbox 218 4521 901 4591; baseline 0.004 -16"><span class='ocrx_word' id='word_1_275' title='bbox 218 4522 228 4553; x_wconf 57' lang='grc' dir='ltr'>ί</span> <span class='ocrx_word' id='word_1_276' title='bbox 245 4523 287 4578; x_wconf 92' lang='lat' dir='ltr'>De</span> <span class='ocrx_word' id='word_1_277' title='bbox 305 4523 358 4576; x_wconf 94' lang='lat' dir='ltr'>hoc</span> <span class='ocrx_word' id='word_1_278' title='bbox 376 4522 436 4576; x_wconf 90' lang='lat' dir='ltr'>loco</span> <span class='ocrx_word' id='word_1_279' title='bbox 456 4521 541 4577; x_wconf 84' lang='lat' dir='ltr'>fusius</span> <span class='ocrx_word' id='word_1_280' title='bbox 561 4523 650 4591; x_wconf 84' lang='lat' dir='ltr'>agitur</span> <span class='ocrx_word' id='word_1_281' title='bbox 668 4521 694 4575; x_wconf 92' lang='lat' dir='ltr'>in</span> <span class='ocrx_word' id='word_1_282' title='bbox 715 4522 848 4590; x_wconf 87' lang='lat' dir='ltr'>epimetro</span> <span class='ocrx_word' id='word_1_283' title='bbox 868 4522 901 4578; x_wconf 95' lang='grc' dir='ltr'>ΙΙ.</span> 
     </span>
    </p>
   </div>
   <div class='ocr_carea' id='block_1_7' title="bbox 0 0 1465 4942">
    <p class='ocr_par' dir='ltr' id='par_1_15' title="bbox 0 0 1465 4942">
     <span class='ocr_line' id='line_1_40' title="bbox 0 0 1465 4942; baseline 0 0"><span class='ocrx_word' id='word_1_284' title='bbox 0 0 1465 4942; x_wconf 95' lang='lat' dir='ltr'> </span> 
     </span>
    </p>
   </div>
  </div>
 </body>
</html>
