2910 4942
695 274 914 339 „20-

193 480 226 540 et
248 471 453 537 Phormionis
477 491 505 535 v.
531 470 590 536 39:

404 600 474 641 κανκ
496 581 594 640 erilem
613 580 709 651 filium
732 581 794 638 eins
818 573 957 661 (scilicet
980 576 1074 643 amici
1097 576 1161 642 mei
1207 621 1210 625 «

600 683 703 751 Getae
727 683 826 764 servi)
851 687 968 747 deense
991 688 1080 746 audio

402 813 529 857 oaorem.

190 900 282 966 Addo
302 899 439 982 Turpilii
464 917 591 982 quoque
608 916 738 964 vorsum
755 917 850 980 quem
871 896 914 964 ex⁴
927 898 1167 964 Boethuntibus
1184 898 1215 964 N
1217 898 1320 964 onius
1338 895 1424 963 affert

191 1009 233 1093 (v.
260 1009 281 1073 3
304 1009 336 1073 in
361 1008 438 1073 edit.
462 1007 585 1088 Ribh.):

403 1135 467 1177 eum
490 1118 637 1190 derepente
660 1116 760 1176 dooere
782 1132 901 1175 urrerem
923 1117 1021 1177 oudin.

189 1224 307 1289 Restat
339 1241 421 1288 nnus
454 1241 493 1287 ox
518 1239 601 1287 nova
634 1219 798 1286 comoedia
830 1219 929 1285 locus.
977 1220 1015 1285 ln
1040 1204 1180 1286 Pollucis
1211 1218 1423 1286 Onomastieo

191 1330 293 1397 VIIII.
319 1328 361 1394 65
385 1329 465 1394 haec
488 1329 659 1409 leguntur:
683 1329 730 1392 ὅτι
752 1327 787 1390 δέ
810 1330 880 1404 τοὺς
903 1325 935 1405 ἓξ
958 1325 1098 1413 χαλκοῦς
1121 1327 1330 1414 τριτημόριον
1357 1326 1423 1391 ort

190 1439 288 1523 μαζον
311 1438 392 1501 έσττν
416 1436 515 1520 εὑρεῖν
539 1435 572 1499 έν
595 1443 638 1520 τῷ
661 1433 840 1519 Φιλήμονος
863 1431 986 1517 Σαρδίῳ
1012 1435 1086 1516 (lrg.
1109 1436 1178 1514 tm·

401 1544 541 1632 χαλκοῦς
564 1544 695 1629 ὀφείλεις
719 1541 810 1607 πέντε
834 1562 894 1626 μοι.
920 1538 1065 1627 μέμνησ’;
1091 1579 1130 1587 -
1156 1541 1219 1627 ἐγὼ

402 1653 449 1714 σοὶ
473 1648 564 1715 πέντε
587 1649 736 1737 χαλκοῦς,
760 1653 797 1713 σὺ
823 1643 856 1714 δέ
879 1647 1010 1735 <themoi
1033 1652 1227 1737 τριτήμορον.

402 1762 472 1836 τοὺς
496 1757 528 1837 ἓξ
551 1759 687 1837 ἀποδοὺς
710 1763 781 1837 τοὺς
804 1760 897 1825 πέντε
920 1760 1061 1847 χαλκοῦς
1084 1757 1238 1844 ἀπόλαβε.
1293 1753 1294 1756 '

190 1867 291 1946 Quem
315 1867 357 1933 ad
376 1867 480 1932 locum
504 1873 654 1949 spectare
678 1885 736 1933 suo
753 1868 825 1933 iure
848 1868 910 1934 viri
935 1869 1020 1936 docti
1038 1868 1247 1934 coniecerunt
1273 1883 1320 1930 ea
1345 1883 1422 1948 quae

189 1975 407 2057 Harpocratio
426 1973 499 2053 178,
518 1976 557 2038 11
576 1972 689 2039 affert:
714 1976 760 2038 ὅτι
776 1975 969 2060 τριτημόριόν
985 1977 1066 2040 ἐστιν
1083 1973 1115 2053 ἓξ
1130 1972 1252 2061 χαλκοῖ
1265 1971 1422 2058 Φιλὴμων

189 2083 221 2147 ἐν
238 2083 322 2168 ἀρχῇ
337 2089 390 2144 τοῦ
407 2078 550 2164 Σαρδίου.
576 2080 660 2146 lllud
677 2087 786 2147 autem
803 2083 998 2164 principium
1014 2082 1174 2148 illustrari
1190 2079 1273 2145 mihi
1291 2080 1423 2146 videtur

189 2188 335 2253 Terentii
350 2186 554 2268 Phormione,
579 2206 662 2270 quae
686 2207 706 2254 a
729 2208 765 2255 ra
789 2189 953 2256 simillima
975 2189 1102 2255 initium
1119 2188 1216 2270 capit.
1259 2185 1422 2254 Conferre

189 2316 217 2361 v.
243 2293 285 2359 35
309 2312 373 2376 sq.:

401 2405 523 2468 Amnes
546 2426 674 2470 summus
696 2426 776 2469 κιονο
798 2414 825 2469 et
840 2411 997 2484 popularis
1022 2406 1095 2468 (lete
1191 2435 1193 2442 ·

400 2515 463 2574 heri
486 2515 525 2574 od
546 2532 590 2575 eae
611 2516 697 2575 venit.
721 2519 784 2574 erat
806 2517 833 2574 ei
856 2516 897 2574 de*
911 2515 1079 2574 rottnneule

400 2624 460 2682 iam
476 2625 593 2696 pridem
616 2623 696 2697 epod
716 2640 761 2683 me
783 2625 918 2683 relicuom
935 2621 1137 2695 patritialem

404 2750 605 2793 nummorum:
627 2733 660 2791 id
680 2737 713 2792 eet
735 2732 905 2805 conficerem.
929 2730 1055 2806 confeci:
1076 2726 1187 2801 adfero.

189 2834 304 2901 deinde
327 2842 500 2919 postquam
524 2837 609 2903 Geta
633 2856 651 2903 e
675 2838 767 2903 domo
791 2853 989 2918 progressus
1014 2837 1081 2898 est:

865 2958 968 3016 meroe,
993 2959 1051 3001 em:

402 3051 546 3111 leetomst:
568 3051 714 3109 eoaoeor'et
734 3067 871 3110 κκνκανο
894 3053 1035 3122 quautam
1058 3047 1150 3106 debut

187 3154 225 3218 In
258 3152 364 3220 Sardii
401 3172 530 3236 quoque
566 3153 658 3220 initio
694 3172 803 3220 servos
837 3172 936 3235 agere
969 3171 1032 3217 non
1066 3149 1160 3216 modo
1194 3166 1234 3212 ex
1265 3147 1421 3215 similitu·

188 3260 261 3326 dine
294 3279 378 3342 quae
410 3260 536 3328 duobus
564 3260 616 3327 his
644 3261 786 3328 exordiis
819 3265 879 3342 est,
915 3261 973 3331 sed
1006 3257 1104 3324 etiam
1128 3275 1168 3321 ex
1193 3255 1419 3339 „pauxillum

186 3369 332 3450 pecunia,
358 3368 448 3439 cuius
473 3371 592 3436 mentio
615 3368 662 3449 fit,
686 3369 795 3452 colligi
819 3384 916 3451 posse
932 3367 1072 3433 videtur.
1112 3366 1295 3430 Praeterea
1313 3362 1420 3428 Phile

187 3477 289 3541 monis
314 3495 442 3558 quoque
466 3475 577 3542 fabula
595 3475 750 3544 habuisse
766 3478 896 3543 videtur
916 3474 1161 3561 ἀναγνωρισμὸν.
1207 3471 1314 3548 Recte
1335 3470 1419 3543 enin

186 3582 329 3648 Kookius
354 3583 522 3650 adnotavit
537 3583 720 3667 significare
737 3582 892 3669 Σοὶρδτον1
917 3600 1025 3649 vocem
1041 3580 1171 3646 anulum
1188 3575 1418 3659 signatorium.

186 3689 266 3755 Inde
290 3697 398 3756 antem
422 3711 485 3756 non
509 3693 580 3757 sine
596 3691 878 3758 verisimilitudine
895 3689 1043 3756 conicere
1060 3686 1138 3753 mihi
1154 3684 1266 3750 videor
1284 3683 1419 3749 duxisse

186 3796 269 3862 hanc
291 3797 489 3864 Philemonis
518 3797 661 3865 fabulam
691 3818 805 3865 nomen
839 3817 878 3864 ea
902 3817 939 3863 ex
963 3815 1000 3862 re
1025 3815 1064 3861 ex
1088 3791 1207 3877 quain
1230 3788 1325 3856 exitu
1357 3789 1419 3855 duo

187 3900 332 3968 homines
355 3903 442 3969 alter
465 3904 605 3970 alterum
621 3904 851 3986 agnoscebant,
878 3903 963 3987 quod
988 3917 1201 3984 quamsaepe
1224 3895 1353 3961 factum
1378 3895 1421 3962 sil

186 4029 277 4078 nemo
320 4011 460 4092 ignorat.
523 4013 575 4079 Sis
613 4011 786 4090 Δακτύλιος
824 4032 938 4079 nomen
978 4009 1041 4077 init
1079 4003 1230 4072 Timoclis
1271 4001 1419 4068 Alexidis

186 4118 354 4199 Amphidis
385 4120 557 4185 Menandri
586 4119 726 4186 fabulae.
780 4121 884 4187 Multo
916 4120 1021 4185 minus
1054 4121 1172 4193 autem,
1207 4109 1271 4176 nisi
1309 4108 1418 4187 fallor,

185 4223 300 4288 Kookii
331 4223 494 4290 sententia
525 4223 704 4306 probabilis
740 4230 808 4307 est,
853 4223 908 4307 qui
943 4226 1175 4290 testamentum
1208 4216 1420 4302 sardonyche

293 4468 444 4537 1Σάρδισι)
470 4469 556 4537 enim,
582 4485 637 4524 non
666 4471 795 4540 Σάρδιος,
822 4452 877 4523 fuit¹
904 4467 1043 4535 antiquior
1073 4465 1168 4520 forma.
1219 4460 1259 4516 Of.
1284 4462 1420 4535 Stephani

69 4558 87 4657 ξ’
183 4562 349 4614 thesaurum.
