2910 4942
609 172 828 240 ..18-

104 369 167 451 frg.
192 368 266 434 849.
292 369 371 454 850)
396 371 566 452 leguntur:
590 372 687 436 τὸέκ
711 371 830 436 παίδων
853 365 1045 458 ιριλομύύους
1067 370 1156 456 ἡμᾶς
1183 371 1266 433 εἶναι
1286 371 1331 433 καὶ

104 477 223 564 χαίρειν
246 477 279 542 ἐν
303 488 342 564 τῇ
365 477 535 564 περιεργίᾳ,
560 479 601 555 ὥς
624 500 698 565 φησι
721 477 910 564 Μένανδρος·

319 631 659 653 .......
687 585 769 671 ιριλιῖ)
793 583 820 648 σ’
841 583 996 671 Ὀνήσιμε.

251 728 292 738 -
316 693 370 755 καί
394 694 431 754 σὺ
456 691 615 778 περίεργος
639 693 669 756 εἴ
702 738 987 755 ......
1004 691 1014 728 ¹

103 800 157 863 καί
181 797 285 863 πάλιν·

316 903 437 984 ’γούδέν
459 908 520 992 γὰρ
543 905 735 993 γλυκύτερον
758 907 779 993 ἢ
804 903 895 971 πάντ’
918 904 1028 970 εἰδέναι

102 1016 135 1080 in
163 1013 220 1080 iila
242 1010 373 1079 fabulae
403 1019 498 1094 parte
528 1010 651 1077 fuerint
687 1031 751 1094 qua
773 1010 959 1093 argumenti
980 1010 1129 1076 narratio
1152 1027 1333 1092 praepara·

102 1129 205 1191 retur.
251 1121 334 1188 Nam
364 1120 478 1187 similis
501 1121 591 1187 iocus
615 1119 665 1186 his
689 1121 825 1187 subesse
848 1120 978 1186 videtur
1005 1119 1204 1202 stabelaco
1228 1117 1278 1183 illi
1300 1136 1334 1182 er

103 1231 231 1314 Hecyra
255 1247 355 1311 supra
372 1228 481 1295 allato.
529 1228 707 1310 Cornpares
724 1227 941 1293 Phoenicidae
966 1244 1092 1309 quoqne
1109 1223 1334 1306 fragmentum

103 1335 207 1423 (Kock
230 1338 279 1403 111
301 1356 331 1419 p.
358 1336 432 1416 333,
468 1335 531 1418 irg.
559 1336 593 1421 1)
618 1336 704 1418 quod
728 1355 767 1402 ex
791 1333 938 1401 Tibicina
961 1331 1142 1416 Hesychius
1170 1332 1334 1398 servavit:

315 1441 444 1508 δύνασαι
468 1453 605 1525 σιωπᾶν;
632 1480 671 1488 -
697 1442 776 1506 ὥστε
800 1441 906 1526 (τοὺς)
929 1443 984 1517 τὰς
1007 1439 1162 1516 διαλύσεις
1333 1435 1336 1439 ’

315 1549 551 1634 συντιθεμένους
574 1549 766 1635 κεκραγέναι
789 1549 905 1613 δοκεῖν.
1369 1538 1372 1639 ξ

102 1657 191 1736 Quae
222 1658 357 1724 eandem
389 1657 422 1724 in
452 1656 564 1724 fabula
595 1659 739 1725 tenuisse
771 1656 880 1722 sedem
913 1673 1104 1737 persuasum
1137 1651 1266 1723 habeo.
1296 1691 1337 1704 -
1370 1644 1372 1651 ’

102 1767 169 1831 Iam
199 1765 227 1832 si
262 1767 347 1832 unde
383 1767 467 1833 hum
504 1767 715 1849 expositionis
747 1765 968 1832 instituendae
1000 1783 1092 1830 usum
1125 1761 1192 1830 sibi
1227 1782 1336 1844 sump-

103 1873 206 1939 serint
233 1874 281 1938 illi
311 1880 427 1957 poetae
463 1875 661 1957 quaerimus,
697 1873 938 1940 conferentibus
973 1869 1082 1936 nobis
1101 1889 1141 1935 ea
1178 1890 1269 1954 quae
1306 1870 1335 1934 in

102 1980 269 2063 Euripidis
292 1982 410 2047 Medea
433 1981 508 2046 inde
533 2001 552 2046 a
574 2002 602 2046 v.
629 1980 672 2046 63
695 1980 851 2062 legimus:

314 2087 341 2152 τέ
366 2085 392 2152 δ’
414 2089 505 2168 ἔστιν,
530 2086 555 2149 ὡ
578 2084 701 2172 γεραιέ,
726 2088 769 2170 μὴ
793 2083 905 2170 potuer
927 2083 1053 2168 φράσαι.

253 2228 286 2238 -
314 2192 412 2258 ούδέν·
438 2192 670 2280 preripuerant
694 2196 734 2257 τὰ
757 2189 872 2277 πρόσθ’
892 2191 1050 2277 εἰρημένα.

251 2335 289 2345 -
316 2299 369 2384 μή,
393 2300 469 2383 πρδς
492 2300 622 2386 γενείου,
645 2300 764 2385 κρύπτε
787 2300 957 2365 σύνδουλον
980 2299 1082 2364 σέθεν·

315 2409 403 2491 σιγὴν
426 2406 497 2492 γάρ,
521 2409 547 2472 εἰ
569 2408 642 2495 χρή,
666 2408 765 2473 τῶνδε
787 2408 928 2494 θήσομαι
952 2405 1031 2492 πέρι,

103 2511 219 2595 quibus
243 2512 410 2579 addendus
436 2522 487 2582 est
510 2534 538 2580 v.
564 2515 608 2581 80
632 2522 666 2582 et
689 2535 844 2599 sequeus:

247 2653 289 2664 -
315 2618 394 2702 ἀτὰρ
417 2620 455 2682 σύ
477 2617 515 2706 γ’,
539 2621 575 2685 ού
598 2624 660 2708 γὰρ
683 2625 791 2708 καιρδς
815 2621 928 2688 εἰδέναι
950 2621 1021 2687 τοδε

314 2722 488 2808 δέσποιναν,
512 2727 652 2815 ἡσύχαζε
676 2732 729 2795 καί
754 2731 826 2817 σίγα
850 2730 954 2818 λόγον,

76 2827 234 2895 dubium
268 2849 339 2897 esse
369 2833 483 2915 nequit
512 2834 591 2914 quin
614 2834 783 2917 Euripidis
812 2835 995 2917 exemplum
1024 2833 1085 2898 hac
1106 2831 1141 2896 iu
1165 2853 1205 2900 re
1230 2834 1329 2916 pluri-

101 2958 188 3004 mum
218 2939 384 3008 vuluerit..
414 2941 495 3007 Nam
523 2961 638 3010 uersus
669 2944 702 3009 hi
731 2945 795 3026 ipsi
827 2963 956 3028 quoqne
988 2941 1186 3008 antecedunt
1209 2937 1329 3020 paeda-

102 3045 178 3127 gogi
201 3045 351 3122 norbae
376 3047 492 3128 quibus
516 3050 701 3129 argumenti
724 3057 853 3131 partem
877 3056 911 3115 et
932 3049 1045 3115 nutrix
1068 3050 1102 3113 et
1124 3050 1329 3127 spectatores

102 3153 377 3235 comperiunt.—
403 3154 478 3236 Ipse
503 3173 543 3219 au
545 3159 612 3221 tem
635 3156 821 3239 Euripides,
847 3157 875 3223 si
898 3163 988 3223 recte
1011 3151 1126 3232 sentio,
1151 3171 1192 3218 ex
1217 3152 1330 3219 cotidi-

102 3279 184 3325 anae
207 3261 294 3326 vitae
317 3280 465 3329 sermone
490 3262 550 3331 hoc
573 3264 738 3344 hausit,u
718 3272 939 3349 utpersaepe
963 3281 1036 3327 eum
1059 3259 1266 3343 potissimum
1292 3260 1330 3324 da

103 3373 155 3432 cot
142 3366 261 3432 thurno
291 3367 332 3432 ad
356 3369 523 3450 uulgarem
556 3390 647 3438 usum
678 3378 712 3438 et
698 3373 864 3439 tdicendi
889 3389 992 3454 genus
1016 3365 1225 3435 descendisse
1248 3370 1303 3432 sat
1305 3366 1329 3431 is
1369 3406 1372 3485 γ

103 3479 239 3538 constat
286 3474 401 3556 Itaque
427 3496 491 3542 nou
524 3476 706 3557 miraberis,
742 3478 816 3544 sit
801 3477 914 3544 talia
905 3496 939 3542 ιιι
963 3475 1127 3542 comoedia
1149 3472 1330 3556 praecipue

101 3581 254 3644 invenies
308 3580 464 3648 conferas
481 3584 718 3666 Aristophanis
746 3584 856 3666 lepida
886 3581 1027 3649 uerba
1018 3600 1052 3646 ιιι
1074 3581 1223 3648 Nubibus
1254 3580 1331 3646 inde

103 3708 174 3755 av.
199 3688 281 3753 823:

315 3795 369 3858 uoci
392 3818 439 3860 σοι
463 3798 572 3882 φράσω
594 3820 623 3862 τι
646 3799 764 3886 πρᾶγμ’
786 3801 802 3864 ὃ
827 3799 940 3886 μαθὼν
965 3799 1044 3883 ἀνὴρ
1067 3797 1139 3860 έσει.

314 3904 399 3979 ὅπως
422 3902 456 3966 δέ
479 3913 568 3968 τοῦτο
592 3908 634 3990 μὴ
659 3905 789 3985 διδάξεις
814 3907 941 3995 μηδένα.
1144 3976 1147 3982 4

103 4005 226 4071 Deinde
249 4007 468 4089 Strepsiades,
499 4011 590 4076 cuius
614 4012 695 4079 haec
719 4020 805 4094 sunt,
833 4013 1021 4095 Phidippidi
1045 4030 1106 4077 non
1130 4008 1195 4075 iarn
1220 4011 1331 4077 Iovem

102 4112 160 4177 sed
185 4111 274 4177 Δῖνον
297 4132 437 4195 regnare
461 4119 617 4184 enuntiat.
643 4157 685 4166 —-
710 4121 862 4186 Ceterum
886 4121 958 4203 ipsa
981 4138 1034 4185 res
1058 4119 1105 4184 ita
1127 4116 1271 4197 ferebat,
1297 4122 1332 4182 ut

101 4224 218 4300 poetae
234 4221 314 4285 talia
330 4221 497 4288 variarent
517 4229 613 4306 atque
630 4232 804 4293 mutarent.
841 4226 895 4294 Sic
912 4228 944 4291 in
960 4225 1111 4293 Plautina
1127 4222 1330 4302 Trinummo,

33 4340 608 4552 medalius.
