2910 4942
619 158 912 222 -44-·

330 353 421 424 οὐδέν
445 352 513 418 ποτ’
536 351 607 418 ἀλλ’
630 354 651 438 ἢ
675 361 784 437 πρῶτα
809 353 864 437 μὲν
888 355 944 438 τὴν
968 351 1086 439 σηπίαν

329 445 542 544 ὀπιτθοτίλαν,
566 460 612 538 ὡς
635 457 800 546 Atreum,
825 460 993 544 ὀνομάζετε
1015 459 1088 524 κτλ.

116 572 232 653 ltaque
257 573 283 637 si
307 578 397 642 recte
420 570 501 636 haec
526 571 656 652 disputa
637 577 802 650 atasunt
827 570 936 653 sequit
938 588 976 635 ur
922 568 1165 636 tOhirones
1192 567 1357 651 prologum

116 678 285 760 Euripidei
310 679 440 760 generis
465 678 619 744 habuisse
643 699 662 743 a
686 678 803 745 Solone
827 678 1094 758 pronuntiatum
1241 748 1244 753 ,

225 785 343 851 Omnes
374 784 436 870 hae
466 784 597 851 fabulae
628 784 668 850 de
704 783 821 867 quibus
854 784 979 866 egimus
1008 784 1147 850 initium
1184 784 1354 866 capiunto
1383 856 1386 865 ⁸

117 891 288 974 soliloquio
306 893 391 975 quod
407 898 636 973 argumentum
653 892 808 956 continet.
839 890 1087 972 Nonnumquam
1104 898 1229 956 autem
1247 897 1322 972 poet
1323 909 1354 955 ae

4 992 8 1001 '
116 1000 163 1065 sic
186 1017 254 1065 rem
279 999 503 1080 instituerunt,
530 1006 567 1065 ut
589 999 621 1063 im
645 996 776 1064 fabulae
800 997 959 1080 principio
979 997 1170 1064 diverbium
1189 1004 1352 1080 ponerent

117 1107 202 1187 quod
234 1112 344 1172 tamen
376 1125 439 1172 non
472 1106 505 1172 in
539 1111 734 1188 argumento
768 1106 956 1187 exponendo
990 1111 1205 1195 versaretur,
1244 1103 1352 1170 deiude

116 1220 287 1296 postquam
311 1220 369 1280 aut
384 1214 491 1280 altera
513 1217 654 1295 persona
677 1212 829 1290 decessit,
854 1212 971 1289 altera,
995 1219 1053 1277 aut
1069 1209 1173 1276 ambo
1193 1211 1351 1290 abierunt,

115 1341 198 1388 nova
222 1340 363 1403 persona
393 1323 522 1404 prologi
547 1340 680 1388 munere
702 1320 906 1402 iungeretur.
954 1317 1047 1396 Quod
1071 1316 1108 1385 fit
1132 1319 1171 1384 in
1196 1317 1352 1385 Plautinis

117 1437 150 1496 et
172 1430 277 1496 Milite
310 1430 453 1512 glorioso
484 1429 530 1514 (ΙΙ
561 1427 594 1514 1)
625 1435 659 1495 et
690 1428 878 1495 Cistellaria
908 1425 937 1512 (Ι
968 1426 1012 1510 2).
1067 1427 1116 1506 Ex
1152 1427 1351 1494 Graecorum

116 1536 309 1619 fragmentis
339 1556 436 1603 unum
471 1537 546 1602 novi
580 1537 665 1619 quod
689 1536 752 1602 huc
776 1537 942 1618 pertinere
966 1533 1116 1611 videtur„
1158 1534 1225 1601 Est
1249 1534 1351 1600 Aleria
1388 1566 1390 1593 ;

116 1642 178 1723 frg.
207 1641 280 1722 108,
314 1644 400 1725 quod
429 1642 552 1724 legitur
582 1644 670 1724 apud
701 1643 905 1710 Athenaeum
931 1643 961 1708 X
988 1642 1101 1708 laed:
1136 1640 1273 1722 Ἄλεξις
1301 1638 1351 1704 atr
1388 1630 1390 1635 ’

115 1748 244 1834 Κουρίδι
267 1748 338 1833 περί
360 1769 440 1825 τινος
463 1748 559 1815 πλὲον
583 1750 723 1829 πίνοντος
747 1752 966 1839 διαλεγόμενος
989 1758 1091 1838 φησιν·

330 1854 347 1918 6
370 1857 426 1940 μὲν
450 1857 503 1920 οὖν
526 1857 599 1942 ἐμὸς
622 1858 696 1941 υἱὸς,
721 1862 795 1926 οἷονΙ
809 1862 896 1946 ὑμεῖς
919 1859 1049 1944 ἀρτίοις,

329 1962 435 2044 εἴδετε,
456 1974 596 2042 τοιοῦτος
619 1965 758 2051 γέγονεν,
783 1965 937 2032 Οἰνοπίων
961 1986 1005 2040 τις
1022 1965 1049 2048 aq
1163 2029 1168 2039 ,

329 2069 446 2156 Μάρων
470 2092 514 2148 τις
538 2073 559 2156 ἢ
583 2071 737 2158 Κάπηλος
761 2073 781 2156 ἠ
807 2070 886 2155 <τις>
909 2068 1082 2155 Τιμοκλῆς·

330 2178 441 2261 μεθύει
463 2178 535 2264 γάρ·
559 2179 648 2242 οὐδὲν
673 2179 787 2262 ἕτερον.
813 2178 829 2241 6
854 2175 1004 2262 ratmot
1027 2213 1069 2222 -
1094 2174 1123 2238 τί
1148 2177 1190 2240 ἂν

328 2283 449 2370 τύχοιμ’
471 2285 646 2370 ὀνομάσας;
672 2284 781 2371 βῶλος,
806 2288 947 2370 ἄροτρον,
971 2285 1105 2370 γηγενὴς

330 2392 508 2478 ἄνθρωπος.

115 2500 211 2566 Alter
240 2501 324 2566 enim
354 2497 440 2566 filius
472 2501 541 2567 sine
572 2499 670 2567 dubio
695 2500 824 2566 antea'
816 2519 880 2565 uam
903 2498 936 2564 in
961 2517 1077 2564 scaena
1101 2497 1180 2564 luit.
1230 2498 1350 2566 Similis

116 2626 170 2673 res
194 2607 333 2688 subest,
370 2626 564 2690 quamquam
598 2609 638 2675 de
671 2608 881 2692 expositionis
914 2606 1019 2674 forma
1051 2608 1195 2674 iudicari
1229 2611 1351 2735 nequit

115 2715 287 2781 Menandri
311 2714 496 2797 fragmento
462 2714 602 2782 t61:5

329 2823 390 2908 ἐγω
414 2820 440 2885 6
463 2823 602 2907 ἀνόητος,
626 2823 754 2908 εὐτελὴς
778 2821 947 2908 ὑπερβολῇ,

331 2929 347 2992 6
371 2927 398 2992 δ’
421 2929 539 3007 ἄσωτος
562 2929 635 3011 ἐστι,
659 2928 844 3014 πολυτελής,
867 2929 988 3012 θρασὺς
1011 2928 1141 3014 σφόδρα,

115 3044 149 3103 et
172 3038 339 3128 Pomponii
363 3056 391 3101 v.
419 3037 491 3118 162,
518 3045 614 3104 uteo
640 3056 742 3119 usque
767 3037 978 3104 descendam:

328 3149 402 3207 oller
424 3154 503 3208 omot
519 3153 604 3221 potat
620 3148 730 3221 produt,
747 3152 864 3220 patrem
886 3149 1016 3221 suppilat
1037 3165 1158 3220 semper.

115 3253 185 3318 Hoc
216 3272 315 3318 uuum
345 3257 470 3318 certum
494 3252 633 3333 uidetur,
670 3260 727 3318 eos'
756 3254 811 3335 qui
843 3254 902 3320 hos
928 3273 1042 3321 uersus
1066 3253 1241 3336 proferant
1267 3254 1350 3320 solos

115 3360 148 3424 in
178 3378 298 3426 scaeua
328 3375 399 3426 esse
431 3367 464 3425 et
496 3361 536 3427 ed
568 3366 771 3441 spectatores
803 3379 976 3427 conversos
1000 3362 1102 3428 uerba
1130 3360 1275 3428 lacere.'
1304 3362 1350 3430 De

114 3469 186 3549 ipso
217 3472 409 3548 argumento
440 3467 626 3532 memineris
659 3467 876 3535 Terentianae
901 3469 1290 3552 Adelphorumquoque
1318 3474 1350 3534 et

115 3573 377 3655 Aristophanoae
400 3571 532 3638 fabulae
556 3572 691 3653 primae,
716 3570 905 3639 Δαιταλὲων.

223 3681 290 3746 Ιπιιι
331 3699 402 3746 earn
440 3681 482 3746 ad
518 3679 741 3761 quaestionem
773 3682 1006 3762 aggrediamur
1035 3701 1055 3746 a
1085 3679 1206 3763 quibus
1222 3681 1348 3772 &poetis

115 3794 220 3854 toturn
255 3789 315 3854 hcc
350 3787 559 3869 expositionis
596 3806 697 3868 genus
732 3787 914 3870 profectum
950 3790 1002 3854 sit.
1061 3789 1130 3854 Hoc
1164 3787 1280 3856 autem
1315 3795 1349 3856 ut

116 3896 266 3977 cognosci
284 3894 399 3976 possit,
424 3894 510 3960 inter
528 3895 608 3959 duas
625 3894 740 3959 horum
761 3897 971 3980 prologorum
995 3897 1120 3978 species
1145 3894 1349 3980 distinguen-

116 4001 191 4066 dum
216 4008 275 4067 est.
324 4003 439 4068 Altera
463 4022 519 4068 eas
543 4001 671 4068 fabulas
696 4004 924 4084 complectitur
941 4023 1025 4086 quae
1042 4002 1219 4070 ordiuntur
1235 4023 1255 4070 a
1272 4023 1347 4071 uero

115 4112 295 4192 monologo,
320 4113 426 4178 altera
450 4131 505 4177 eas
522 4112 555 4175 in
576 4110 693 4192 quibus
717 4112 772 4176 ille
797 4112 852 4193 qui
876 4111 1001 4193 primus
1024 4110 1136 4193 prodit
1158 4110 1203 4177 ad
1219 4118 1347 4194 specta·

115 4224 205 4283 tores
239 4237 415 4289 conversus
448 4225 677 4300 argumentum
711 4219 857 4300 exponit:
892 4239 955 4302 quo
990 4219 1030 4284 de
1062 4217 1252 4288 discrimine
1286 4219 1347 4285 iam

115 4343 216 4407 supra
249 4325 394 4391 diximus.
441 4327 549 4409 Atque
579 4326 682 4408 priori
714 4327 843 4409 quidem
875 4326 922 4390 illi
947 4346 986 4393 ex
1008 4327 1089 4392 locis
1112 4327 1269 4408 tractatis
1294 4332 1349 4393 aut

116 4440 207 4500 certa
231 4434 359 4500 ratione
389 4440 446 4502 aut
470 4455 587 4518 magna
612 4454 683 4501 cum
707 4435 990 4502 verisimilitudine
1014 4433 1250 4504 attribuendae
1273 4440 1348 4506 suut
