2910 4942
585 238 804 305 ..69-

295 433 337 499 Ὦ
360 433 488 517 τέκνα,
512 434 668 521 Κάδμου
692 445 745 498 τοῦ
761 434 868 500 ,πάλαι
892 437 947 499 νέα
970 434 1079 519 τροφή,

293 543 377 619 τίνας
401 541 477 607 ποθ’
499 543 590 628 ἕδρας
613 541 700 606 τάσδ’
721 544 788 627 ἐμοί
812 542 947 620 θοάζετε

294 650 441 734 ἱκτηρίοις
464 649 623 715 κλάδοισιν
646 648 880 735 ἐξεστεμμένοι,

293 759 383 835 πόλις
407 757 433 821 δ’
455 758 532 843 ὁμοῦ
557 759 612 844 μέν
635 758 842 842 θυμιαμάτων
866 754 964 842 γέμει,

293 865 370 950 ὁμοῦ
395 865 429 929 δὲ
452 867 592 930 παιάνων
615 886 650 928 τε
672 866 726 928 καί
750 863 980 950 στεναγμάτων.

294 971 362 1056 άγὼ
386 970 513 1035 δικαιῶν
538 974 580 1056 μη
605 969 679 1055 παρ’
701 970 854 1056 ἀγγέλων,
878 969 982 1051 τέκνα,

294 1077 399 1142 ἄλλων
423 1076 559 1159 ἀκούειν,
584 1077 676 1153 αὐτὸς
700 1073 753 1139 ὧδ’
775 1075 929 1161 ἐλήλυθα,

294 1183 311 1246 ὁ
334 1194 424 1247 πᾶσι
448 1184 596 1260 κλεινὸς
619 1181 796 1260 Οἰδίπους
819 1182 1063 1267 καλούμενος.

293 1288 365 1354 ἀλλ’
387 1292 412 1354 ὠ
436 1290 552 1377 γεραιέ,
576 1289 676 1375 φράζ’,
700 1291 767 1355 ἐπεί
790 1289 917 1375 πρέπων
941 1291 1015 1374 ἔφυς

294 1399 355 1483 πρδ
377 1398 475 1462 τῶνδε
498 1407 621 1482 φωνεῖν,
645 1397 702 1463 τίνι
725 1397 829 1483 τρύπιμ
853 1397 1049 1480 καθέστατε,

294 1507 466 1588 δείσαντες;
490 1508 511 1592 ἢ
536 1505 714 1591 στέρξαντες
738 1504 780 1581 ὡς
802 1504 952 1582 θέλοντος
976 1507 1014 1570 ἀν

293 1615 369 1700 ἐμοῦ
393 1622 582 1699 προσαρκεῖν
606 1606 684 1695 πᾶν,
708 1612 901 1698 δυσάλγητος
924 1615 986 1697 γάρ
1009 1614 1047 1677 ἀν

293 1723 357 1806 είην
380 1719 502 1785 τοιάνδε
526 1724 568 1806 μη
592 1721 628 1784 ού
652 1720 856 1804 κατοικτίρων
880 1719 981 1805 ἕδραν.

80 1828 269 1911 Respondet
292 1828 460 1893 sacerdos:

293 1932 364 1998 ἀλλ’
386 1936 411 1998 ῶ
435 1935 595 2019 κρατύνων
620 1932 766 2010 Οἰδίπους
789 1932 896 2020 χώρας
919 1933 995 2018 ἑμης
1019 1931 1088 1997 κτλ.

80 2043 195 2125 Itaque
219 2061 282 2107 non
305 2043 375 2108 sine
391 2043 527 2124 pulchro
551 2043 697 2107 acumine
714 2041 857 2124 Oedipus
880 2041 951 2121 ipsc
972 2059 1089 2105 nomen
1116 2058 1209 2105 sunm
1233 2059 1308 2121 pro·

79 2151 217 2216 nuntiat.
275 2148 383 2215 Fluxit
421 2156 529 2216 autem
568 2149 649 2215 haec
680 2150 818 2215 nominis
850 2147 971 2215 mentio
1004 2146 1066 2212 nisi
1098 2148 1309 2213 vehementer

80 2255 177 2323 fallor
208 2275 247 2321 ex
271 2255 421 2339 Aeschyli
450 2256 641 2324 imitatione.
689 2257 885 2322 Persuasum
914 2258 998 2323 enim
1028 2254 1133 2322 habeo
1157 2252 1307 2334 Sophocli

80 2365 140 2430 hoc
163 2364 291 2429 initium
321 2366 524 2445 componenti
555 2371 630 2431 ante
654 2366 763 2432 oculos
792 2366 893 2432 luisse
917 2365 1084 2432 exordium
1109 2359 1308 2444 Aeschylcae

79 2470 210 2553 Septem
239 2471 310 2538 adv.
343 2470 481 2537 Thebas.
537 2471 576 2536 ln
606 2476 746 2552 utraque
781 2469 892 2536 fabula
925 2473 1057 2538 ineunte
1092 2470 1212 2534 adsunt
1244 2485 1308 2532 nna

79 2596 220 2660 persona
236 2585 271 2644 ct
286 2584 418 2644 caterva
434 2576 499 2662 (est
515 2571 795 2664 παραχορήγημα).
843 2579 911 2644 Rex
935 2577 1163 2644 Thebanorum
1187 2573 1307 2639 oratio·

80 2704 152 2750 nem
180 2685 221 2750 ad
252 2687 406 2767 populum
429 2682 537 2749 habet.
586 2684 710 2751 Civitas
743 2704 860 2766 magna
888 2685 1072 2751 calamitate
1096 2682 1216 2748 afflicta
1247 2685 1305 2746 est.

80 2793 211 2859 Summa
234 2798 342 2858 autem
366 2791 496 2858 fabulae
521 2811 560 2857 ea
575 2797 636 2871 est,
661 2799 697 2859 ut
720 2794 791 2876 ipsa
815 2793 929 2860 civitas
953 2794 1108 2870 solvatur,
1136 2790 1306 2854 maximam

80 2905 190 2963 antem
213 2897 244 2961 iu
270 2897 487 2964 calamitatem
504 2917 586 2963 unus
610 2899 764 2965 trahatur
788 2919 846 2965 rex
862 2899 1057 2982 inopinatus.
1095 2896 1184 2974 Quae
1201 2894 1308 2961 omnia

81 3024 151 3071 cum
174 3005 252 3071 solis
275 3006 326 3071 his
348 3005 473 3072 duabus
489 3003 608 3072 fabulis
633 3007 813 3072 communia
835 3007 902 3073 sint
925 3011 995 3073 eta
1015 3009 1199 3071 ceterarum
1215 2999 1308 3066 labu-

80 3112 185 3179 larum
208 3119 243 3178 et
265 3113 517 3197 Aeschylcarum
540 3117 574 3178 et
600 3112 854 3195 Sophoclearnm
878 3113 985 3179 indole
1014 3111 1150 3177 multum
1174 3109 1307 3188 distent,

81 3226 205 3286 certum
228 3219 307 3284 mihi
323 3219 453 3285 videtur
469 3218 638 3301 Sophoclis
658 3220 758 3286 oculis
776 3220 927 3304 Aeschyli
943 3219 1085 3287 fabulam
1102 3215 1308 3284 obversatam

82 3343 162 3391 csse.
211 3325 303 3403 Quod
327 3327 455 3392 dicendi
472 3346 600 3410 quoque
624 3346 744 3410 genere
765 3327 996 3394 confirmatur(
1025 3329 1159 3409 Appono
1176 3324 1308 3408 Septem

82 3429 211 3498 fabulae
235 3432 379 3498 initium:
690 3417 691 3420 ¹

293 3537 448 3622 Κάδμου
472 3539 638 3624 πολῖται,
662 3547 724 3628 χρὴ
749 3541 850 3628 λέγειν
874 3545 913 3606 τά
937 3543 1044 3626 καίρια

293 3647 374 3722 ὅστις
397 3647 548 3731 φυλάσσει
572 3658 692 3734 πρᾶγος
715 3647 747 3712 έν
770 3646 896 3732 πρύμνη
920 3646 1050 3727 πόλεως,

293 3755 387 3817 οἴακα
410 3763 530 3838 νωμῶν,
556 3753 701 3842 βλέφαρα
725 3758 767 3839 μὴ
792 3763 910 3838 κοιμῶν
934 3756 1029 3838 ύπνιρ.

293 3861 319 3924 εἰ
343 3861 399 3943 μέν
422 3864 483 3947 γάρ
506 3864 541 3926 εύ
564 3861 747 3948 πράξαιμεν,
771 3863 853 3926 αἰτία
876 3862 964 3926 θεοῦ·

293 3965 320 4028 εί
343 3960 369 4027 δ’
392 3963 476 4048 αὖθ’,
500 3967 517 4029 ὃ
541 3970 584 4052 μὴ
608 3966 738 4053 γένοιτο,
761 3969 905 4051 συμφορὰ
928 3965 1025 4052 τύχοι,

293 4068 513 4158 Ἐτεοκλέης
537 4075 579 4137 ἀν
603 4076 655 4149 είς
679 4073 794 4146 πολὺς
817 4074 914 4137 κατά
938 4072 1069 4137 πτύλιν

294 4174 418 4261 ὑμνοῖθ’
439 4175 491 4240 ὑπ’
514 4179 617 4242 ἀστῶν
640 4178 790 4262 φροιμίοις
814 4179 1023 4265 πολυρρόθοις

295 4285 486 4372 οἰμώγμασίν
510 4283 553 4367 θ’,
578 4287 619 4350 ῶν
643 4284 720 4361 Ζεὺς
743 4285 944 4372 ἀλεξητήριος

294 4391 456 4475 ἐπώνυμος
478 4390 599 4477 γένοιτο
621 4391 788 4475 Καδμείων
812 4391 911 4455 πόλει.

81 4498 196 4583 ltaque
230 4499 263 4566 in
297 4500 468 4583 utriusque
501 4497 631 4566 fabulae
654 4517 754 4564 versu
784 4498 889 4581 primo
921 4498 1006 4566 cives
1037 4497 1245 4581 appellantur
1269 4516 1309 4562 ex
