2910 4942
609 171 831 242 -12-

105 373 289 455 vesparum
312 371 346 436 in
369 370 529 453 principio
553 372 638 436 alter
654 377 768 437 servus
793 392 832 437 ex
856 374 961 438 altero
984 372 1145 454 quomodo
1161 392 1201 440 se
1220 372 1356 440 habeat

107 480 246 563 quaerit.
293 476 451 544 conferes
475 476 628 559 Equitum
653 496 681 542 v.
707 477 726 540 7
752 483 785 543 ot
808 495 895 560 seo:

322 632 498 651 ......
523 585 548 648 ὧ
571 584 776 670 κακόδαιμον,
800 595 866 662 πῶς
890 587 988 672 ἔχεις;

254 731 296 742 -
322 702 431 769 κακῶς
455 690 676 775 andnimand.

107 821 179 868 oum
202 801 385 883 vesparum
408 818 437 863 ν.
465 800 481 863 1
507 804 540 863 et
565 797 624 863 10:

320 904 429 987 Οὗτος,
453 904 481 968 τί
504 903 644 990 πάσχεις,
669 902 694 966 ὦ
717 902 912 989 κακόδαιμον
939 903 1078 988 Ξανθίας

254 1052 298 1062 -
321 1016 373 1078 τὸν
397 1013 491 1076 αὐτόν
515 1008 563 1097 αἶρ’
586 1011 653 1094 ἐμοί
677 1009 838 1096 βουκολεῖς
861 1010 1028 1097 Σαβάζιον.

108 1120 302 1205 argumenti
334 1117 482 1185 narratio
514 1117 548 1182 in
580 1122 721 1199 utraque
754 1115 864 1183 fabula
896 1115 938 1181 ab
970 1118 1085 1185 iisdem
1114 1118 1191 1184 ¹fere
1232 1121 1356 1187 verbis

109 1229 247 1295 orditur.
295 1226 402 1307 Leges
427 1224 487 1305 nq.
511 1242 539 1288 v.
565 1221 625 1287 36:

322 1330 427 1418 βούλει
450 1331 485 1394 τό
509 1339 647 1415 πρᾶγμα.
662 1337 725 1405 τοῖς
747 1328 912 1392 θεαταῖσιν
935 1326 1063 1418 φράσον,ι

109 1448 144 1509 et
165 1439 227 1505 40:

322 1542 441 1632 λέγοιμ’
463 1547 500 1613 ἂν
523 1543 606 1630 ἠδη·
630 1550 691 1627 νῷν
713 1542 774 1628 γάρ
797 1543 862 1607 ἐστι
886 1542 1037 1631 δεσπότης
1067 1543 1147 1627 κτλ,

110 1657 293 1738 vesparum
316 1675 346 1720 ν.
370 1656 430 1719 54:

322 1759 397 1846 φέρε
420 1781 473 1826 νυν
497 1757 637 1822 κατείποι
660 1764 723 1832 τοῖς
746 1756 876 1832 θεαταῖς
900 1758 952 1821 τὸν
976 1756 1081 1844 λόγον,

111 1875 145 1935 et
167 1868 228 1933 67:

324 1975 405 2038 ἔστιν
429 1975 490 2060 γὰρ
513 1972 587 2057 ἡμῖν
611 1970 762 2057 δεσπότης
785 1969 917 2034 ἐκεινοσί
940 1969 1009 2034 κτλ.

111 2079 236 2146 Similia
267 2081 300 2144 in
325 2081 417 2145 Pace.
451 2114 494 2124 -
527 2077 626 2142 Chori
658 2080 817 2143 adventus
840 2078 874 2143 in
899 2078 1016 2160 Vespis
1040 2078 1125 2145 huno
1148 2080 1180 2144 in
1211 2086 1356 2154 modum

111 2191 282 2255 nuntiatur
306 2187 387 2273 (214
410 2188 491 2269 sq.):

325 2291 404 2376 ἀλλ’,
429 2294 454 2357 ὡ
477 2292 596 2380 πονήρ’,
620 2291 746 2378 ἥξουσιν
769 2291 875 2378 ὀλίγον
898 2293 1025 2382 ὕστερον

325 2402 354 2466 οἱ
376 2400 575 2480 ξυνδικασταὶ
598 2399 855 2485 παρακαλοῦντες
878 2399 1007 2464 τουτονί.

113 2507 236 2589 Quibus
259 2509 459 2590 respondent
476 2526 516 2573 ea
539 2527 622 2590 quae
646 2509 679 2573 in
695 2507 869 2591 Equitibus
893 2508 969 2575 inde
992 2528 1013 2574 a
1035 2530 1064 2576 v.
1083 2510 1148 2576 225
1168 2510 1354 2592 leguntur:

326 2611 398 2680 ἀλλ’
420 2615 493 2681 εἰσίν
517 2614 613 2702 ἱππῆς
637 2614 746 2700 ἄνδρες
769 2615 888 2702 ἀγαθοί
911 2615 1005 2702 χίλιοι

327 2731 486 2808 μισοῦντες
509 2723 603 2788 αὐτὸν
627 2723 659 2787 οἳ
679 2721 873 2809 βοηθήσουσί
895 2722 977 2787 σοι.ι

114 2867 157 2878 -
194 2829 320 2896 Deinde
351 2830 438 2896 idem
474 2829 565 2896 iocus
598 2829 740 2897 occurrit
770 2837 805 2896 et
837 2832 871 2896 in
903 2832 1058 2913 Equitum
1089 2837 1122 2898 et
1164 2832 1196 2897 in
1228 2835 1354 2903 Avium

113 2938 266 3020 prologo:
302 2934 461 3003 conferas
486 2937 641 3020 Equitum
676 2956 791 3004 versus
829 2937 905 3004 inde
944 2935 985 3003 ab
1022 2937 1086 3004 163
1110 2949 1192 3005 'oum
1227 2940 1354 3010 Avium

113 3063 163 3111 νν.
191 3045 255 3109 174
278 3063 327 3126 sq.
373 3043 453 3110 Cum
487 3045 570 3110 enim
604 3044 709 3111 altera
740 3062 884 3126 persona
916 3044 1055 3110 alterum
1088 3046 1273 3128 admoneat,
1313 3058 1353 3116 ut

114 3158 217 3218 totam
241 3153 407 3233 regionem
423 3167 527 3233 ‘quam
552 3150 730 3217 subiectam
755 3152 785 3216 ei
808 3150 880 3217 fore
901 3153 1067 3235 promittit
1082 3156 1351 3239 circumspectat,

114 3260 172 3326 illa
194 3259 372 3342 respondet
395 3259 468 3343 (Eq.
496 3258 587 3341 175):

327 3364 542 3450 εὐδαιμονήσω
566 3363 642 3430 δἐἰ
665 3365 954 3454 διαστραφήσομαι;

115 3473 165 3540 vel
191 3475 263 3558 (Αν.
290 3473 385 3560 177);

329 3562 555 3663 ἀπολαύσομαί
572 3600 601 3643 τι
625 3577 660 3660 δ’,
684 3579 711 3643 εἰ
735 3578 1022 3668 διαστραφήσομαις

115 3685 262 3751 Eandem
293 3691 402 3751 nutem
436 3706 507 3752 rem
545 3706 604 3752 suo
642 3687 714 3754 inre
752 3688 814 3753 viri
853 3689 938 3755 docti
977 3689 1206 3755 iudicaverunt
1237 3690 1351 3774 Eupo·

116 3792 190 3859 lidis
215 3811 344 3875 quoque
367 3793 438 3858 ioco
461 3793 598 3860 subesse
622 3811 716 3875 quem
734 3794 921 3877 Stephanus
938 3797 1015 3881 Byz.
1040 3817 1065 3863 s.
1083 3816 1112 3862 v.
1130 3784 1350 3886 Μαριανδυνία

116 3901 275 3966 servavit:

331 4006 403 4093 δρῶ.
430 4045 469 4054 -
494 4008 562 4072 dedo
585 4017 639 4075 νῦν
662 4007 755 4095 τήνδε
778 4007 1017 4093 Μαριανδυνίαν.

118 4133 201 4197 quae
226 4132 297 4179 oum
314 4115 373 4197 Eq.
393 4133 427 4178 v.
455 4115 516 4179 171
541 4121 576 4180 οι
591 4118 648 4181 Αν.
673 4133 703 4178 ν.
730 4113 793 4178 176
817 4114 899 4181 mire
922 4122 1115 4196 congruunt.
1163 4116 1350 4201 Depromp·

118 4226 171 4286 tus
202 4224 311 4286 autem
340 4224 391 4285 est
414 4219 466 4285 hic
489 4221 578 4286 locus
602 4238 642 4285 ex
664 4217 777 4286 fabula
799 4219 943 4306 Χρυσοῦν
966 4221 1056 4307 γένος
1080 4242 1162 4311 quae
1186 4224 1352 4308 inscripta

227 4451 235 4483 ¹
254 4449 325 4507 Vide
344 4449 505 4519 epimotuum
524 4449 546 4506 1.
627 4426 628 4430 ί
