2910 4942
555 281 773 356 sqq..

10 469 28 511 ᾖ
49 501 134 568 quae
152 505 190 550 cx
207 484 402 552 Philemonis
423 470 568 569 exemplo
585 507 680 553 versa
696 495 757 568 est,
782 488 931 554 Callicles
956 508 1054 554 senex
1070 472 1280 570 Megaronidi

49 595 154 659 amico
178 598 406 674 argumentum
429 594 604 660 concredit.
652 596 758 676 Leges
783 613 897 662 versus
921 596 995 662 inde
1020 615 1039 660 a
1063 595 1145 661 140:

265 703 376 777 auhlqis
399 704 559 764 maledictis
581 724 625 764 me
648 707 715 774 tuis,
741 705 955 779 Meqaronides,

266 829 340 871 nouo
362 813 445 871 modo
468 813 539 871 adeo
560 817 593 870 ut
616 812 693 884 quad
714 829 792 870 meae
814 815 1032 873 concreditumst

267 914 459 977 taciturnitati
482 919 564 988 clam,
587 918 644 988 dole
667 924 693 977 et
713 920 846 990 fiduciae,

265 1042 300 1082 ne
323 1028 503 1084 enuntiarem
524 1028 680 1100 quoiquam
702 1044 759 1086 neu
773 1028 903 1101 facerem
920 1028 1032 1101 palam
1143 1033 1144 1036 ’

266 1137 299 1190 ut
320 1133 392 1191 ludii
414 1151 524 1192 neccsse
547 1136 585 1194 sit
607 1136 667 1194 ium
690 1135 723 1193 id
744 1136 796 1193 tibi
819 1135 990 1194 concredere.

201 1269 243 1280 -
266 1239 338 1296 mihi
360 1226 438 1311 quod
459 1243 624 1312 credideris,
648 1260 743 1302 sumes
765 1244 817 1301 udi
833 1243 986 1315 posiueris.

201 1381 242 1390 -
266 1349 520 1421 circumspicedum
543 1355 576 1421 te,
599 1353 701 1423 nequis
725 1350 803 1409 adsit
825 1351 933 1409 arbiter

266 1458 367 1526 nobis·
381 1461 408 1515 et
430 1474 535 1528 quaeso
557 1459 712 1517 identidem
734 1458 925 1530 circumspice.

201 1595 243 1604 -
267 1563 397 1620 ausculto
419 1564 519 1636 siquid
541 1564 629 1624 dicas.

34 1642 179 1729 'Similia
214 1685 251 1731 ea
287 1684 415 1748 quoquc
450 1673 526 1734 sunt
562 1688 645 1751 quae
679 1669 712 1734 in
749 1667 947 1733 Truculento
983 1666 1119 1747 legimus
1154 1668 1229 1733 inde
1262 1687 1282 1733 a

10 1766 83 1869 ἦν.
110 1771 176 1836 387
202 1767 374 1857 (Schoell):

22 1874 39 1935 l.
270 1883 301 1938 tu
323 1897 401 1938 nunc
422 1885 564 1953 superstes
586 1882 665 1941 solus
689 1884 815 1941 sermoni
836 1883 934 1952 meo’s,

10 1985 42 2057 ne
269 1964 322 2046 tibi
343 2004 406 2045 mea
428 1991 551 2047 consilia
573 2006 687 2048 sumum
708 2007 818 2062 semper
841 1991 958 2049 credidi.

36 2076 40 2171 J
270 2095 398 2167 equidem
420 2112 509 2167 neque
525 2099 628 2169 qenai·
644 2114 770 2170 merum
793 2102 875 2176 atqu.

34 2190 152 2279 {Aliud
186 2217 288 2280 genus
321 2217 384 2264 non
417 2201 465 2265 ita
497 2201 652 2266 dissimile
685 2208 719 2267 et
750 2203 856 2283 ipsum
883 2220 1019 2284 quoque
1055 2203 1283 2283 pervulgatum

32 2282 171 2407 {postea
204 2305 426 2371 tractabimus.
460 2342 502 2352 -
533 2306 597 2373 Sed
628 2307 754 2389 delapsi
778 2326 887 2373 sumus
912 2307 1041 2374 abillis
1065 2309 1142 2376 locis
1167 2309 1283 2391 quibus
1387 2297 1388 2301 ’

28 2408 212 2487 lextraneo
236 2412 357 2478 homini
381 2432 401 2477 a
424 2415 599 2488 domestico
624 2421 851 2498 argumentum
875 2416 1006 2481 narrari
1027 2417 1174 2482 vidimus.
1221 2417 1283 2481 Re-

25 2502 226 2623 {ferendum
258 2523 364 2583 autem
399 2537 471 2584 esse
503 2520 632 2586 videtur
661 2523 748 2587 inter
778 2541 833 2587 eos
864 2523 1036 2588 Menandri
1066 2522 1284 2606 fragmentum

21 2626 37 2715 t
51 2625 150 2710 (600)
170 2627 253 2707 quod
277 2625 311 2690 in
327 2625 458 2693 scholiis
481 2628 696 2694 Aristotelicis
714 2629 769 2712 (ed
787 2630 904 2697 ‚Berol
922 2651 954 2712 p.
969 2630 1040 2697 931)
1067 2632 1121 2717 13)
1146 2639 1179 2698 et
1205 2630 1284 2698 alibi

19 2716 222 2811 {servatum
247 2738 315 2797 est:

17 2836 38 2937 ζ,
271 2842 330 2927 οὐχ
353 2841 370 2904 ὁ
393 2841 539 2927 τρὸτριμὸς
561 2865 617 2907 σου
641 2845 718 2928 πρὸς
741 2845 836 2925 θεῶν,
861 2841 1018 2929 ’Ostiorum

10 2946 22 3009 i
272 2948 288 3011 ὁ
311 2958 364 3013 νῦν
388 2950 470 3035 ἔχων
493 2948 687 3036 Ἃβρατὸντον
710 2954 766 3036 τὴν
790 2951 954 3035 ψάλτριαν,

10 3042 27 3107 lQ
273 3053 362 3141 ἔγημ’
383 3057 534 3142 ἔναγχας;
561 3094 600 3103 -
626 3057 707 3121 πάνυ
732 3057 787 3141 μὲν
811 3058 875 3120 οὖν.

10 3161 37 3203 ²
55 3161 129 3227 Nisi
163 3160 260 3227 fallor
289 3162 458 3228 Onesimus
496 3182 610 3230 servus
646 3169 697 3229 cst
732 3164 832 3248 (quod
863 3163 947 3229 idem
979 3165 1012 3228 in
1040 3163 1145 3230 locum
1178 3184 1209 3247 p.
1245 3166 1286 3229 18

10 3267 32 3341 r.
56 3273 195 3339 allatum
218 3272 336 3337 cadere
359 3271 531 3356 suspicor),
557 3273 611 3354 qui
631 3271 727 3354 paulo
743 3277 819 3353 post
834 3277 1060 3352 argumentum
1078 3271 1286 3351 expositurus

10 3356 25 3419 'f‘
57 3385 120 3450 est.
159 3378 317 3446 Conferas
341 3380 375 3445 id
400 3380 485 3462 quod
505 3379 650 3446 scholion
666 3379 802 3444 Aristid.
820 3398 849 3460 p.
869 3377 943 3443 aad
968 3378 1060 3443 [lind.
1080 3379 1119 3445 de
1141 3378 1287 3463 τρόφιμος

10 3480 25 3561 {l-
56 3505 137 3554 voce
162 3487 272 3552 docet:
307 3486 362 3550 δύο
393 3487 490 3572 οὖνὴ
520 3485 600 3565 λέξις
624 3487 774 3572 σημαίνει,
806 3487 859 3549 καί
890 3487 942 3549 τὸν
966 3483 1130 3568 θρέψαντα
1157 3487 1287 3549 καὶτὸν

10 3576 33 3676 a
55 3591 225 3680 τραφέντα·
249 3592 412 3678 θρέψαντα
435 3595 488 3658 τὸν
508 3593 670 3679 δεσπότην,
694 3591 735 3668 ὡς
763 3592 849 3675 παρὰ
865 3588 1044 3674 Μενάνδρῳ.
1085 3590 1286 3673 Quamquam

10 1115 42 1183 li<

10 1186 41 1268 u*

10 1308 48 1378 ffi',
82 1327 84 1330 ,

10 1416 38 1492 ui

33 1552 40 1587 l

28 3700 174 3789 ‚dubito
205 3718 280 3764 num
313 3699 394 3765 haec
424 3702 456 3765 in
487 3707 636 3767 nostrum
666 3699 771 3763 locum
802 3697 973 3779 quadrent.
1021 3697 1179 3779 Equidem
1204 3701 1287 3763 enim
1392 3687 1398 3697 ’

55 3804 285 3888 paedagogum
315 3822 445 3870 servum
476 3823 651 3887 agnoscere
683 3803 762 3869 mihi
795 3803 918 3881 videor,
950 3804 1004 3886 qui
1032 3802 1233 3871 creberrime
1256 3807 1288 3869 in

26 3962 34 3989 ,.
57 3911 227 3978 comoedia
243 3913 395 3977 occurrit.
442 3912 607 3977 Illustrari
623 3917 731 3976 autem
748 3910 826 3975 mihi
842 3910 973 3976 videtur
989 3910 1041 3976 hic
1057 3912 1147 3978 locus
1165 3914 1286 3979 Teren-

30 4014 159 4086 ³tianis
190 4016 325 4100 duobus,
358 4018 413 4100 qui
443 4023 519 4084 aunt
545 4017 578 4081 iu
602 4015 721 4082 fabulis
745 4036 846 4098 supra
870 4016 989 4084 allatis.
1036 4019 1116 4083 Dico
1140 4019 1288 4101 Hecyrae

23 4188 30 4209 -.
56 4147 87 4192 v.
114 4125 157 4190 97
182 4143 250 4206 sq:

10 4234 12 4249 '
276 4235 327 4294 sed
348 4235 492 4307 quidhoc
513 4236 609 4308 neqot'
625 4239 643 4303 t,
666 4232 749 4291 modo
772 4231 849 4304 quod
870 4234 1004 4291 narrauit
1027 4233 1100 4289 milri

274 4342 320 4398 hic
343 4343 420 4399 intus
445 4339 592 4399 Bacchis?
615 4340 692 4412 quod
714 4357 763 4414 eqo
784 4322 943 4410 auinquam
966 4337 1077 4396 credidi

241 4470 243 4472 ·
272 4450 349 4525 fore,
371 4453 404 4508 ut
426 4449 475 4507 ille
497 4449 550 4507 hac
571 4450 637 4506 oioa
654 4450 753 4519 posset
776 4448 907 4505 unionum
929 4446 1064 4504 inducere

275 4573 394 4614 uxorem
416 4556 526 4614 hahere.
