2910 4942
225 1113 376 1248 Veteris
407 1182 589 1248 comoediae
621 1181 768 1248 Graecae
804 1183 932 1265 qualem
965 1203 1003 1248 ex
1030 1183 1258 1267 Aristophanis
1291 1184 1338 1249 in-

115 1290 228 1372 primis
244 1288 364 1356 iabulis
381 1308 465 1372 quae
481 1295 659 1371 supersunt
674 1287 821 1354 novimus
837 1287 932 1353 facile
952 1287 1036 1370 quod
1053 1287 1094 1354 ad
1111 1296 1338 1371 argumentum

115 1397 234 1465 attinet
258 1399 399 1481 quinque
432 1402 543 1480 partes
575 1396 835 1477 distinguuntur:
871 1395 1037 1477 prologus,
1070 1395 1224 1476 paredus,
1255 1415 1337 1479 agon

115 1523 209 1587 quem
243 1502 398 1569 Zielinski
432 1502 575 1578 vocavit,
619 1501 709 1568 cuius
743 1502 848 1567 locum
883 1500 915 1566 in
950 1500 1213 1567 Atheniensibus
1249 1495 1338 1569 certo

115 1612 304 1677 adversario
322 1608 542 1691 Dicaeopolidi
565 1629 629 1675 non
649 1610 798 1692 opposito
821 1611 919 1691 longa
943 1609 999 1676 illa
1022 1612 1127 1677 oratio
1151 1611 1192 1676 ad
1213 1618 1339 1693 specta-

114 1726 204 1785 tores
228 1716 341 1783 babita
367 1724 467 1797 tenet,
501 1715 681 1799 parabasis,
714 1724 894 1811 postremo
912 1709 1048 1783 scaenae
1079 1718 1155 1784 illae
1179 1719 1338 1785 ioculares

116 1845 196 1910 quas
232 1824 468 1907 Aristophanes
498 1826 689 1907 plerumque
725 1831 801 1907 post
832 1825 1029 1907 parabasim,
1063 1825 1173 1891 rarius
1207 1828 1272 1891 iam
1306 1826 1339 1891 in

114 1933 225 2014 priore
248 1930 378 1998 fabulae
395 1939 490 2014 parte
514 1932 606 2015 ponit
617 1930 638 1995 ¹.
686 1928 810 2010 Quibus
835 1949 873 1996 en
889 1927 1039 2011 partibus
1056 1927 1226 2011 parabasis
1243 1932 1338 2012 plane

115 2059 175 2122 per
204 2059 240 2105 se
272 2045 348 2117 stat,
388 2044 518 2105 ceterae
553 2044 710 2121 quattuor
744 2038 832 2104 inter
863 2057 898 2103 se
928 2036 1112 2103 cohaerent.
1167 2038 1274 2120 Atque
1305 2037 1338 2102 in

113 2147 249 2229 prologo
274 2146 402 2228 quidem
427 2145 618 2228 parodoque
649 2145 726 2211 solis
749 2143 820 2211 fere
851 2144 968 2211 nititur
995 2164 1119 2210 summa
1143 2146 1336 2227 argumenti.

114 2253 272 2336 Excipere
289 2254 373 2318 solet
388 2252 546 2334 paredum
563 2271 657 2334 agon,
682 2252 715 2317 id
735 2259 786 2318 est
803 2250 976 2318 verborum
991 2252 1079 2319 inter
1095 2252 1176 2319 duos
1192 2252 1338 2319 homines

113 2367 288 2439 certamen,
314 2379 377 2442 quo
400 2359 434 2424 id
456 2366 583 2425 tantum
607 2359 727 2441 agitur,
752 2367 789 2427 ut
812 2361 897 2426 alter
921 2360 962 2425 ad
985 2359 1122 2426 alterius
1142 2359 1338 2426 sententiam

113 2471 328 2552 perducatur3
364 2469 437 2551 ipsa
467 2474 575 2535 autem
606 2467 717 2535 fabula
756 2469 831 2536 dum
863 2468 910 2534 illi
941 2474 1069 2535 certant
1098 2467 1336 2535 intermittitur.

112 2578 200 2644 Nihil
232 2577 295 2643 iam
329 2577 489 2658 reliquum
525 2595 598 2642 esse
628 2577 775 2658 videtur3
811 2576 869 2642 sed
899 2577 993 2658 sequi
1029 2577 1136 2645 solent
1165 2575 1338 2642 nonnullae

113 2700 249 2747 scaenae
273 2699 378 2761 neque
401 2680 488 2745 inter
511 2698 546 2744 se
578 2682 658 2745 satis
689 2686 762 2746 arte
786 2698 950 2746 connexae
977 2692 1082 2764 nequ'e
1113 2700 1183 2747 cum
1207 2680 1337 2749 fabulae

113 2794 317 2869 argumento,
341 2784 458 2868 quibus
484 2788 552 2857 eius
569 2787 707 2852 bominis
732 2806 827 2869 quem
844 2796 941 2854 antea
961 2795 1166 2871 spectatores
1182 2790 1224 2855 ad
1241 2789 1336 2854 aliam

113 2900 198 2964 vitae
215 2895 383 2977 degendae
399 2894 559 2960 rationem
576 2914 611 2961 se
629 2896 828 2960 convertisse
848 2896 999 2962 uiderunt
1015 2904 1121 2963 status
1140 2895 1337 2978 habitusque

112 3006 167 3088 qui
191 3025 274 3072 nrmc
298 3007 342 3073 sit
365 3007 562 3089 depingitur.
600 3042 639 3052 —
677 3006 726 3070 Ex
749 3005 838 3071 brevi
870 3005 931 3071 hec
955 3005 1174 3088 descriptione
1198 3011 1339 3087 apparet

113 3129 185 3176 esse
209 3117 356 3176 ueterum
379 3110 508 3176 illarum
533 3109 771 3176 comoediarum
795 3145 838 3156 -
863 3110 934 3176 dico
952 3111 1178 3177 Acharnenses
1201 3112 1337 3194 Equites

111 3216 222 3282 Nubes
238 3218 364 3299 Vespas
388 3218 504 3282 Pacem
528 3217 613 3283 Aves
637 3251 680 3265 α·-
704 3216 987 3283 inconcinnitatem
1011 3225 1045 3285 et
1068 3218 1337 3301 inaequalitatem

113 3324 275 3405 quandam
298 3343 337 3390 ex
368 3331 486 3390 natura
515 3325 717 3407 singularum
740 3324 883 3407 partium
907 3326 1002 3391 nimis
1025 3326 1068 3391 in.
1082 3345 1118 3392 se
1149 3327 1227 3408 ipsis
1250 3327 1337 3409 posi-

112 3437 219 3496 tarum
243 3451 348 3514 neque
372 3432 454 3497 satis
477 3433 564 3498 inter
588 3451 623 3498 se
639 3431 883 3498 coniuncturum
906 3438 939 3498 et
956 3433 1200 3499 consonantium
1219 3441 1335 3501 ortam.

112 3539 343 3621 Explicandam
375 3544 484 3604 autem
509 3558 582 3605 esse
612 3538 695 3604 banc
726 3559 795 3604 rem
819 3558 882 3604 non
912 3546 1081 3621 poetarum
1113 3540 1337 3608 mediocritate

111 3646 297 3728 ingeniique
322 3645 461 3727 deiectu,
485 3646 544 3713 sed
568 3647 609 3713 ad
625 3647 727 3728 ipsius
744 3647 928 3714 comoediae
948 3648 1106 3730 originem
1122 3651 1335 3716 revocandam

220 3859 228 3888 ¹
247 3857 342 3911 Partes
369 3864 498 3925 quattuor
524 3873 624 3926 easque
650 3857 718 3913 alias
737 3857 818 3914 affert
836 3864 932 3912 auctor
950 3861 1010 3926 περὶ
1027 3862 1171 3933 κωμῳδίας
1188 3861 1245 3916 IXa
1264 3861 1336 3932 (Stu-

111 3945 235 4013 demund,
261 3947 359 4002 Philol.
379 3947 468 4002 XLVI
492 3965 519 4016 p.
540 3949 573 4002 13
597 3965 621 4000 v.
641 3948 675 4001 26
694 3964 733 4015 sq.
772 3947 936 4002 Conferatur
960 3946 1091 4015 Bernaya
1116 3946 1188 4002 Zwei
1207 3948 1336 4005 Abhand·

109 4035 208 4104 langen
234 4035 301 4091 iiber
326 4037 370 4092 die
389 4037 596 4093 Aristotelische
615 4038 734 4094 Theorie
762 4038 811 4098 des
830 4039 932 4093 Drama
957 4056 983 4107 p.
1005 4039 1056 4093 139
1081 4039 1159 4110 §5):
1185 4033 1223 4090 ἔτι
1247 4036 1336 4093 ἰστέον

110 4115 153 4175 ὅτι
170 4121 239 4174 κατὰ
259 4123 407 4177 Διονύσιον
431 4123 476 4177 καὶ
494 4125 624 4195 Κράτητα
646 4125 692 4180 καὶ
712 4122 864 4195 Εὐκλείδην
886 4124 954 4194 μέρη
979 4127 1123 4198 κωμῳδίας
1141 4126 1192 4180 εἰσὶ
1209 4125 1335 4195 τέσσαρα·

110 4204 252 4273 πρόλογος,
275 4205 356 4272 μέλος
378 4211 470 4276 χοροῦ,
496 4205 650 4264 ἐπεισόδιον
674 4208 721 4264 nui
745 4208 844 4276 ἔξοδος.
882 4213 938 4266 Iam
957 4211 1045 4280 primo
1065 4211 1162 4267 obtutu
1180 4213 1255 4268 vides
1275 4231 1335 4270 esse

109 4296 178 4349 haec
191 4295 286 4351 eadem
299 4312 370 4364 quaa
383 4298 547 4354 Aristoteles
561 4299 595 4354 de
607 4300 766 4368 tragoediae
779 4299 903 4369 partibus
921 4301 1054 4355 statuerit.
1081 4301 1232 4356 Discrimen
1245 4311 1335 4359 autem

109 4383 182 4451 quod
207 4384 278 4438 inter
303 4385 470 4440 comoediam
497 4392 525 4441 et
549 4387 716 4456 tragoediam
735 4388 881 4444 intercedit
905 4389 946 4443 illi
963 4390 1072 4446 omnino
1091 4407 1146 4445 non
1165 4400 1327 4448 curaverunt

110 4471 241 4528 Conferas
259 4474 436 4545 Bemaysium
454 4476 472 4529 l.
491 4492 512 4532 s.
531 4493 557 4546 p.
578 4477 629 4533 167
648 4478 740 4535 adnot.

1232 4581 1263 4630 Χ
