2910 4942
571 240 791 316 ,Μειγ-

281 444 479 510 καταλείπετ’
502 447 591 511 οὐδέν
615 447 694 512 ἄλλο
718 447 801 533 πλὴν
825 442 1022 532 τεθνηκέναι.
1085 464 1087 468 ”

281 550 344 635 ἐγὼ
369 550 425 634 μέν
448 553 502 616 οὖν
526 553 641 628 καύτὸς
664 553 880 639 κιθαριστρίας
903 555 993 637 ἐρῶν,

281 657 391 734 παιδὸς
414 657 519 744 κόρης,
543 658 579 721 οὐ
603 667 675 723 νοῦν
698 659 762 744 ἔχω
786 661 863 743 πρὸς
886 667 947 724 τῶν
970 659 1075 741 decim
1156 683 1158 686 ⁴

280 763 393 829 κοίλλει
416 764 527 850 καλῆς,
552 765 679 851 μεγέθει
704 765 852 852 μεγάλης,
875 766 970 853 τέχνῃ
994 777 1102 852 σοφῆς·

281 872 320 955 ἣν
343 871 406 933 ἐστ’
431 870 505 934 ἰδεῖν
530 870 617 954 ἥδιον
641 871 661 955 ἢ
686 872 721 933 τὸ
744 870 916 955 θεωρικὸν

281 978 404 1063 ἔχουσιν
429 978 500 1062 ὑμῖν
524 975 677 1062 διανέμειν
701 977 861 1042 ἑκάστοτε.

10 1133 17 1149 .
60 1105 140 1152 nam
171 1085 214 1150 ud
244 1087 428 1167 argumenti
460 1087 682 1151 narrationem
714 1085 793 1150 haec
824 1084 951 1152 referre
977 1104 1040 1150 non
1064 1087 1186 1158 dubito.
1235 1090 1294 1155 His

60 1193 145 1258 locis
169 1192 309 1274 adiungo
326 1192 543 1258 Menandreos
568 1198 733 1272 quattuor,
759 1189 875 1272 quibus
892 1191 924 1256 id
941 1209 1108 1258 commune
1124 1200 1184 1276 est,
1209 1197 1296 1278 quod

62 1299 191 1365 iuvenis
225 1318 319 1381 quem
344 1298 482 1364 Veneris
515 1317 614 1365 curae
644 1315 887 1379 aerumnasque
906 1297 1055 1364 'dormire
1086 1319 1150 1366 non
1174 1301 1294 1385 sinunt·

63 1404 251 1488 argumenti
274 1405 456 1488 exponendi
480 1423 579 1470 causa
601 1411 699 1470 noctu
722 1405 833 1487 prodit
890 1405 1031 1470 Primum
1057 1415 1108 1474 est
1132 1408 1295 1491 fragmen·
1328 1484 1330 1488 ,

10 1496 13 1501 ’
62 1520 135 1580 tum
166 1513 242 1594 739,
277 1514 364 1595 quod
393 1532 412 1578 a
444 1512 664 1594 compluribus
696 1514 913 1595 scriptoribus
945 1513 1160 1595 significatum
1192 1519 1295 1599 magis

64 1639 160 1703 quam
183 1621 341 1686 traditum
365 1618 547 1686 Meinelrins
573 1621 619 1685 sic
643 1619 830 1685 constituit:

280 1727 305 1790 a
328 1724 391 1808 νύξ,
414 1730 452 1790 σὺ
475 1728 537 1811 γαρ
561 1727 599 1812 δὴ
623 1726 767 1792 πλεῖστον
791 1724 974 1814 Ἀφροδίτης
996 1729 1081 1793 θεῶν

280 1831 418 1919 μετέχεις
442 1832 562 1918 [μέρος]
574 1833 594 1897 ¹.

63 1943 109 2007 Et
132 1946 229 2007 noctu
260 1940 341 2007 haec
364 1941 418 2022 agi
442 1947 476 2006 et
498 1946 678 2006 amatorem
702 1941 792 2022 loqui
808 1947 956 2023 apparet.
993 1943 1168 2025 Prologum
1185 1951 1294 2012 autem

64 2048 303 2130 agnoscendum
332 2066 404 2114 esse
435 2067 507 2113 cum
541 2047 614 2113 aliis
638 2067 677 2112 ex
701 2046 800 2123 rebus
823 2054 893 2114 tum
916 2048 992 2114 inde
1016 2049 1175 2132 sequitur,
1208 2051 1294 2133 quod

62 2174 259 2237 quamquam
283 2155 464 2236 permultas
487 2154 634 2219 novimus
652 2160 685 2219 et
703 2156 890 2232 tragoedias
908 2162 941 2223 et
956 2157 1138 2222 comoedias
1157 2177 1293 2240 quarum

61 2281 117 2329 res
148 2267 243 2328 nocte
277 2261 332 2343 agi
363 2259 538 2342 fingantur,
570 2261 604 2326 id
634 2259 782 2326 omnibus
817 2260 887 2328 fere
920 2281 1086 2330 commune
1115 2271 1176 2344 est,
1207 2265 1294 2346 quod

60 2368 174 2435 fabula
206 2368 321 2450 incipit
353 2375 428 2434 ante
452 2371 566 2450 lucem,
594 2368 719 2447 ,deinde
743 2376 818 2451 post
840 2372 980 2450 primum
1004 2376 1112 2435 actum
1135 2368 1199 2433 iam
1224 2369 1294 2435 dies

59 2476 165 2542 adest.
213 2476 308 2542 Solae
340 2475 401 2543 hac
434 2478 474 2543 ab
508 2477 623 2558 regula
646 2477 814 2557 recedunt,
849 2477 935 2558 quod
965 2476 1076 2553 sciam¹
1108 2475 1235 2541 Rhesus
1259 2483 1293 2542 et

60 2581 271 2650 Pherecratis
284 2583 395 2649 fabula
411 2581 703 2660 Δουλοδιδασκαλος
721 2603 804 2666 quae
817 2583 976 2665 inscripta
992 2588 1076 2647 erat>
1099 2579 1147 2647 Cf.
1160 2579 1224 2662 lrg.
1236 2582 1292 2647 40.

168 2693 217 2757 Ex
240 2693 411 2774 Menandri
435 2692 587 2774 Epiclero
611 2691 700 2757 Theo
733 2709 847 2757 versus
871 2697 941 2757 tres
969 2689 1128 2755 servavit:
1152 2689 1291 2771 legimus

61 2800 147 2865 enim
177 2799 247 2865 eius
276 2799 308 2865 in
340 2799 639 2882 Progymnasmatis
669 2799 824 2881 (Spengel
847 2798 902 2864 IV.
928 2817 958 2878 p.
984 2795 1094 2876 92,,ν.
1125 2796 1178 2877 16)
1211 2797 1291 2863 haec

60 2906 168 2990 (Kock
191 2905 249 2971 Nr.
276 2904 370 2992 164):
405 2907 469 2970 ἔστι
502 2906 536 2968 δέ
563 2907 617 2969 καί
647 2905 804 2970 ἀνοίτταλιν
836 2905 995 2990 προθέντα
1018 2904 1176 2988 γνωμικὸν
1200 2902 1293 2989 λέγον

60 3010 287 3098 διηγήσασθαι,
318 3012 471 3097 καθάπερ
496 3014 549 3076 καί
573 3012 624 3074 έπί
647 3019 702 3074 τοῦ
727 3011 830 3095 μύθου
854 3009 1194 3096 παρεσημειυσοίμεθα·
1228 3013 1293 3075 οίον

60 3120 115 3182 καί
140 3121 227 3204 παρὰ
250 3118 430 3206 Μενάνδρῳ
443 3121 476 3185 έν
501 3129 540 3205 τγγ
563 3129 685 3206 χρηστῇ
708 3117 900 3204 Ἐπικλήρῳ·

220 3258 223 3264 ·
277 3224 326 3311 ἄρ’
348 3226 412 3290 ἐστὶ
436 3227 561 3292 πάντων
585 3226 740 3312 ἀγρυπνία
763 3225 957 3291 λαλίστατον.

60 3332 129 3394 εἶτα
152 3331 224 3417 ’ἑξῆς
248 3333 455 3420 τοδιίγγιγμα·

69 3448 73 3453 ’
150 3448 152 3452 ’
276 3438 332 3523 ἐμὲ
354 3446 430 3523 γοῦν
453 3437 658 3523 ἀναστήσασα
683 3439 765 3523 δευρί
790 3439 961 3524 προοίγεται

275 3544 383 3610 λαλεῖν
407 3543 462 3608 ἀπ’
484 3545 585 3630 ἀρχῆς
609 3545 712 3610 πάντα
735 3549 787 3612 τὸν
810 3548 946 3631 ἐμαυτοῦ
972 3545 1047 3632 βίον.
1150 3563 1152 3567 ’

59 3653 132 3718 Hoc
166 3669 295 3734 quoque
328 3651 399 3717 loco
435 3649 476 3717 de
511 3670 621 3717 amore
657 3654 710 3734 agi
737 3654 913 3720 verisimile
940 3654 1009 3719 est.
1060 3654 1173 3720 Solent
1208 3653 1292 3719 enim

59 3759 94 3825 in
125 3777 208 3824 nova
230 3758 405 3849 ‚comoedia
428 3754 527 3826 curae
551 3778 610 3825 eae
633 3778 717 3840 quae
742 3759 888 3826 homines
913 3779 1061 3826 somnum
1085 3779 1204 3841 capere
1228 3777 1291 3824 non

59 3866 171 3932 sinant
203 3883 242 3931 ex
275 3883 385 3941 amore
416 3870 515 3938 natae
546 3885 628 3932 esse.
677 3865 853 3933 Adnotarit
885 3873 993 3933 autem
1022 3864 1217 3932 Duebnerus
1250 3866 1291 3931 ad

60 3970 204 4065 Epicleri
228 3967 342 4038 versus
366 3971 465 4037 haec:
490 3969 580 4038 ‘haec
612 3992 651 4038 ex
675 3972 768 4039 initio
792 3971 929 4039 fabulae·
947 3974 1045 4039 ducta
1068 3990 1151 4052 esse,
1167 3972 1249 4037 >ideo
1273 3989 1293 4036 a

59 4080 239 4146 Menandro
263 4076 349 4158 ficta,
382 4083 418 4143 ut
448 4097 558 4145 rerum
590 4099 671 4163 quas
694 4078 782 4148 scire
808 4078 975 4147 deberent
989 4085 1194 4161 spectatores
1217 4096 1291 4143 nar·

90 4296 93 4301 .
133 4267 136 4271 ’
169 4254 288 4310 ¹Poeta
302 4253 408 4322 tragico
426 4269 501 4308 more
514 4253 642 4322 loquitur.
672 4254 804 4311 Conferte
817 4256 889 4324 quod
909 4256 943 4311 ad
963 4253 1072 4312 dicendi
1089 4268 1175 4323 genus
1194 4251 1292 4304 attinet

59 4341 181 4410 exempli
205 4341 295 4410 gratia
312 4339 379 4394 Eur.
391 4341 435 4395 El.
455 4359 479 4395 r.
498 4340 541 4408 82,
561 4357 615 4409 qno
640 4357 759 4399 eversu
778 4348 848 4398 nova
866 4358 967 4398 scaena
985 4341 1098 4412 incipit:
1120 4335 1244 4406 Πυλάδη,
1261 4333 1292 4410 ai

58 4427 112 4499 γὰρ
139 4426 174 4498 δὴ
192 4429 301 4496 πρῶτον
319 4426 477 4498 ἀνθρώπων
494 4424 546 4497 {poi
564 4428 662 4486 πιστὸν
680 4431 780 4497 νομίζοι
803 4438 832 4487 et
854 4432 922 4487 alios
940 4433 1025 4490 locos.
1062 4430 1105 4485 Ab
1124 4429 1178 4483 illis
1197 4434 1292 4484 autem

57 4518 185 4575 rensibus
204 4518 349 4574 Menandri
367 4519 486 4575 fabulam
505 4520 612 4574 initium
633 4521 740 4589 cepisse
759 4521 892 4591 suspicor.
966 4569 968 4572 ,
