2910 4942
518 196 738 262 ..55-

81 409 130 456 rus
156 427 195 438 -
221 393 360 474 exponit.
385 427 428 440 —
451 393 621 459 Postremo
645 392 746 459 affero
763 411 877 460 versus
893 393 968 459 illos
984 392 1039 475 qui
1055 413 1095 459 ex
1112 392 1239 460 Cratini

81 495 215 565 hilochis
240 498 360 582 sumpti
383 499 538 581 leguntur
561 501 647 582 apud
671 501 882 568 Plutarchum
907 500 939 566 in
963 504 1030 566 vita
1047 499 1187 567 Cimonis
1211 499 1241 564 X

81 606 120 670 ck
142 604 206 688 irg.
234 608 284 690 l)t

226 727 316 813 κάγὼ
340 730 401 813 γὰρ
424 730 541 815 ηὔχουν
565 727 738 815 Μητρόβιος
762 731 779 793 ὁ
801 734 1001 817 γραμματεὺς

228 839 282 900 σὺν
306 834 394 921 ἀνδρί
416 835 494 920 θείῳ
518 837 571 900 καί
594 835 829 922 φιλοξενωτάτῳ

226 943 280 1005 καί
304 940 394 1006 πάντ’
416 942 531 1027 ἀρίστῳ
555 949 615 1007 τῶν
638 941 848 1029 Πανελλήνων
873 947 1009 1030 προτοῦ

225 1047 347 1134 Κίμωνι
370 1048 500 1133 λιπαρὸν
524 1059 624 1136 γῆρας
647 1050 861 1137 εὐωχούμενος

226 1158 324 1222 αἰῶνα
347 1157 450 1221 πάντα
472 1155 707 1241 συνδιατρίψειν.
732 1156 749 1220 ὁ
772 1156 807 1219 δὲ
830 1155 929 1221 λιπὼν

227 1263 340 1352 βέβηκε
364 1264 522 1350 πρότερος.

81 1405 214 1468 ‚mquam
245 1389 273 1454 si
305 1407 343 1454 re
373 1407 453 1454 veru
484 1387 536 1453 hic
559 1388 648 1454 locus
673 1387 818 1479 eiusdem
842 1391 972 1473 generis
995 1397 1047 1458 est
1071 1389 1240 1457 Cratinum

81 1493 134 1559 dni
163 1499 239 1576 apte
263 1493 442 1561 nuntiando
465 1495 567 1560 multo
591 1493 696 1560 minus
721 1515 854 1577 operam
878 1497 1008 1564 dedisse
1032 1498 1240 1564 statuendum

116 1619 211 1683 quam
243 1601 317 1667 illos
349 1608 473 1684 poetas,
509 1638 548 1648 -
584 1600 618 1666 Si
651 1606 761 1667 autem
795 1602 981 1683 quaerimus
1015 1606 1173 1685 quomodo
1207 1604 1240 1670 in

81 1708 242 1791 stephanis
272 1707 446 1775 comoediis
475 1713 680 1790 spectatores
711 1707 782 1773 eius
806 1709 861 1790 qui
884 1708 1009 1790 primus
1032 1711 1065 1775 in
1088 1728 1240 1777 scaenam

81 1815 161 1882 cedit
192 1835 309 1882 nomen
341 1815 552 1898 comperiant,
590 1820 659 1880 tres
692 1813 868 1897 praecipue
899 1814 1030 1883 fabulae
1052 1818 1085 1883 in
1110 1828 1257 1886 censum

81 1922 155 2004 tunt,
187 1924 413 1990 Acharneuses
436 1921 548 1989 Nubes
571 1925 693 1988 Ranae.
740 1923 887 1989 Duarum
919 1925 1066 2005 priorum
1097 1926 1241 1994 condicio

81 2049 109 2096 te
140 2031 252 2096 eadem
276 2037 336 2097 est.
382 2029 418 2096 Ὁ
442 2029 638 2117 προλογίζων
662 2049 726 2095 non
748 2029 780 2095 in
805 2030 986 2114 soliloquio,
1022 2031 1107 2098 unde
1130 2031 1242 2100 fabula

81 2143 141 2203 {um
164 2136 260 2220 capit,
296 2139 354 2204 sed
385 2144 501 2220 postea
525 2139 653 2204 demum
677 2139 718 2204 ab
742 2138 805 2204 alio
829 2137 967 2219 homine,
998 2139 1053 2221 qui
1081 2159 1153 2205 eum
1177 2158 1241 2206 non

81 2244 113 2324 it,
148 2244 372 2328 interrogatus
406 2264 522 2313 nomen
558 2265 652 2311 suum
687 2245 780 2325 dicit3
817 2245 965 2312 conferas
999 2247 1077 2313 Acir.
1109 2268 1138 2313 ν.
1163 2247 1240 2329 406,

81 2373 97 2415 ι.
117 2353 189 2418 134.
238 2354 340 2432 Quam
364 2360 442 2436 apta
466 2358 500 2418 et
515 2352 653 2434 pulchra
675 2351 756 2418 haec
780 2351 865 2417 ratio
888 2351 931 2418 sit
946 2352 1106 2419 neminem
1122 2353 1207 2436 fugit
1219 2353 1239 2421 1.

81 2458 106 2524 d
136 2466 243 2525 autem
274 2461 424 2526 nonnisi
453 2466 529 2544 post
559 2479 709 2542 magnam
740 2460 869 2527 fabulae
893 2466 1022 2543 partem
1045 2462 1110 2527 iam
1134 2466 1240 2527 actum

81 2585 137 2632 nae
161 2585 327 2649 personae·
343 2587 459 2634 nomen
476 2572 680 2649 spectatores
705 2569 842 2635 audiunt
865 2567 945 2632 nihil
968 2568 1068 2634 habet
1091 2566 1240 2634 offensio·

121 2674 247 2740 Harum
270 2674 355 2741 enim
378 2693 592 2757 personarum
611 2675 750 2756 nomina,
775 2682 812 2741 ut
834 2694 965 2758 semper
980 2676 1050 2743 fere
1066 2680 1240 2742 incumoe·

81 2830 84 2859 ‚
109 2782 228 2847 nullius
253 2780 405 2848 momenti
428 2786 513 2862 sunt,
539 2780 664 2847 animus
688 2788 798 2848 autem
821 2799 995 2863 moresque
1019 2800 1058 2847 ex
1081 2779 1181 2847 rebus
1206 2786 1240 2847 et

81 2886 122 2952 ris
154 2893 402 2970 cognoscuntur.
449 2888 555 2953 Aliter
587 2907 641 2954 res
676 2897 866 2971 comparata
899 2895 950 2956 est
982 2891 1015 2954 in
1038 2888 1148 2971 Remis,
1185 2887 1240 2953 ubi

81 3001 234 3060 :tutorum
257 2993 431 3078 plurimum
450 2997 591 3062 interest
608 2996 692 3063 scire
708 3017 781 3063 eum
800 2998 854 3080 qui
875 3017 946 3064 curn
963 3015 1058 3063 servo
1073 2996 1106 3060 in
1123 3012 1241 3062 scaena

81 3108 99 3167 t
122 3102 283 3169 Bacchum
315 3123 397 3170 esse.
446 3103 647 3186 Quamquam
677 3111 785 3171 autem
814 3104 894 3171 haec
917 3103 1028 3170 fabula
1052 3123 1071 3169 a
1094 3097 1240 3169 diverbia

81 3209 152 3288 itur,
182 3213 291 3275 tamen
315 3209 462 3276 Bacchus
486 3210 556 3294 ipse
580 3228 696 3276 nomen
719 3228 813 3275 suum
837 3208 966 3291 profert
989 3209 1086 3291 idque
1111 3226 1184 3273 eum
1206 3206 1239 3270 in

81 3313 142 3378 ium
174 3333 212 3379 ex
241 3332 305 3395 qno
337 3314 458 3396 optime
488 3316 610 3397 ingenii
633 3317 867 3400 Aristophanei
892 3316 1099 3399 pulchritudo
1123 3331 1240 3397 cognu-

81 3439 134 3486 ur.
182 3418 289 3502 Leges
312 3438 427 3485 versus
451 3419 525 3485 inde
550 3439 569 3485 a
592 3421 652 3486 21:

225 3537 280 3604 εἶτ’
302 3541 361 3627 οὐχ
385 3541 468 3628 ὕβρις
491 3541 576 3606 ταῦτ’
598 3544 662 3608 ἐστί
686 3547 738 3608 καί
762 3544 865 3632 πολλὴ
889 3546 999 3632 τρυφή,

226 3645 270 3712 ὅτ’
292 3649 353 3734 ἐγὼ
378 3650 434 3734 μὲν
458 3650 500 3714 ὢν
525 3648 679 3731 Διόνυσος,
703 3650 766 3726 υίὸς
789 3649 945 3735 Σταμνίου
956 3651 978 3734 ²,

119 3879 128 3910 ¹
147 3876 217 3931 Aliis
244 3891 351 3943 qnoque
374 3874 442 3928 locis
461 3875 662 3943 Aristophanes
682 3893 715 3930 ea
733 3892 798 3931 usus
817 3883 866 3934 est.
905 3876 1036 3933 conferas
1054 3878 1106 3946 Eq.
1125 3897 1150 3934 ν.
1171 3878 1239 3934 1257

81 3965 226 4036 ριίκριτος),
238 3964 318 4018 Pacis
331 3982 355 4017 v.
371 3964 422 4018 190
434 3965 603 4034 (Τρυγαῖος),
616 3967 664 4018 Αν.
680 3983 704 4022 ν.
718 3967 778 4033 644,
789 3966 842 4019 645
852 3966 1054 4038 (Πειθιταῖρος,
1064 3963 1239 4041 Εὐελπίδης).

119 4056 129 4088 2
148 4052 278 4110 Conferat
296 4053 464 4122 Euripideae
482 4053 630 4108 Alcestidis
649 4054 770 4108 initium:
1092 4063 1095 4069 '
1153 4065 1155 4069 ⁴

207 4130 246 4194 Ὦ
264 4138 368 4209 δώματ’
386 4137 522 4210 Ἀδμήτεί,
541 4136 570 4192 ἓν
588 4136 629 4202 οἷς
647 4139 726 4210 ἔτλην
743 4138 794 4210 ἐγώ

210 4226 322 4294 θῆσσαν
338 4223 475 4291 τράπεζαν
493 4225 600 4279 αἰνέσαι
617 4225 703 4287 θεός
722 4243 783 4292 περ
801 4220 823 4279 ὦ
830 4247 861 4293 ν,

83 4310 266 4411 ndromacnae
284 4310 373 4364 locum
391 4311 454 4365 inde
473 4326 490 4365 a
508 4329 532 4364 v.
552 4311 612 4380 117,
631 4312 678 4367 ubi
697 4313 796 4366 chorus
817 4313 857 4368 sic
877 4313 994 4367 orditur:

210 4418 231 4451 ω
249 4396 331 4466 γύναι
365 4434 964 4456 ...............

214 4482 332 4544 Φθιὰς
356 4474 447 4551 ὅμως
465 4481 563 4554 ἔμολον
581 4484 644 4540 ποτὶ
662 4481 714 4538 σὰν
731 4480 861 4553 Ἀσιήτιδα
884 4480 982 4553 γένναν
999 4525 1006 4540 .
1026 4521 1033 4536 .
1053 4525 1060 4540 .
