2910 4942
645 245 866 320 ..15-

100 460 123 503 ῖ
146 450 268 538 Δορπία
291 453 462 534 prologum
486 449 728 534 pronuntiabat.
772 408 878 533 Leges
903 471 942 517 ea
965 470 1048 533 quae
1072 451 1112 516 ab
1129 451 1296 517 Athenaeo
1312 450 1366 515 lV.

143 560 239 626 171d
262 559 457 624 traduntur:
481 560 535 622 καὶ
559 557 728 636 Φιλύλλιος
751 560 782 624 ἐν
807 558 965 644 Ἡρακλεῖ·

357 665 512 752 βούλεσθε
535 663 601 751 δῆτ’
623 666 685 752 ἐγὼ
708 667 818 751 φράσω
842 667 886 742 τίς
909 664 968 751 εἰμ’
990 664 1070 753 ἐγώ;

356 772 377 857 ἡ
400 782 468 838 τῶν
485 774 666 858 προτενθῶν
692 773 811 858 Δορπία
835 773 1024 860 καλουμένη.

101 879 262 965 ···Δορπία
294 887 403 947 autem
435 883 666 962 Apaturiornm
698 882 804 963 prima
836 883 905 947 dies
936 887 1016 946 erat.
1050 916 1092 928 -
1117 878 1189 944 Alia
1222 877 1369 957 exempla

131 989 256 1055 'omitto
281 1008 352 1054 cnm
382 1007 422 1053 ex
450 989 595 1069 ipsorum
620 1007 747 1070 quoqne
774 995 945 1070 poetarum
967 989 1054 1055 inter
1078 1006 1113 1053 se
1137 981 1368 1052 controversiis

124 1101 241 1178 atque
266 1093 453 1161 criminibus
478 1095 666 1177 saepissime
690 1097 830 1162 alterum
847 1097 986 1163 alterum
1003 1094 1194 1177 compilasse
1219 1093 1366 1158 sciamus.

93 1230 109 1271 ;
155 1255 159 1260 .
248 1205 297 1268 Ιο-
316 1203 356 1267 iis
390 1204 454 1267 iam
489 1200 664 1267 comoediis
697 1219 780 1282 qnae
816 1209 891 1282 post
925 1221 1043 1267 annum
1069 1203 1133 1266 412
1169 1208 1261 1267 actae
1292 1205 1368 1264 sunt

140 1310 231 1376 aliud
248 1301 458 1393 expositionis
476 1328 578 1391 genus
592 1314 786 1390 usurpatum
798 1307 977 1376 invenimus
991 1309 1089 1391 idque
1102 1305 1371 1390 pulcherrimum,

140 1416 266 1483 Harum
291 1417 375 1483 enirn
398 1415 526 1499 prologi
548 1417 597 1481 ita
622 1417 801 1496 comparati
826 1423 911 1494 sunt,
936 1417 1028 1482 utin
1053 1416 1183 1482 fabulae
1206 1412 1366 1496 principio

129 1523 205 1589 'dno
230 1523 375 1588 homines
403 1523 604 1601 conveniant,
637 1540 774 1605 quorum
804 1523 888 1587 alter
915 1541 987 1587 cnm
1011 1524 1115 1588 altero
1140 1521 1290 1604 quaesit
1314 1538 1367 1586 res
1443 1554 1449 1576 ι

99 1630 362 1696 ··'communicet.
425 1632 540 1713 Itaque
574 1648 679 1712 neque
715 1629 885 1711 soliloquio
921 1629 1017 1694 nnius
1052 1647 1228 1711 personae,
1262 1646 1366 1708 neque

140 1737 289 1803 oratione
309 1738 351 1803 ad
367 1757 402 1803 se
419 1738 507 1820 ipsos
523 1737 646 1817 habita,
671 1739 729 1804 sed
745 1758 823 1804 vero
846 1739 991 1805 diverbio
1008 1743 1211 1819 spectatores
1228 1754 1366 1818 qnoque,
1410 1728 1413 1734 ’

138 1844 182 1909 de
206 1850 398 1926 argumento
433 1846 591 1912 certiores
614 1846 705 1912 finnt.
752 1846 796 1912 Et
820 1847 947 1911 omnino
977 1851 1043 1910 tam
1074 1851 1150 1926 apte
1182 1843 1215 1908 hi
1239 1842 1367 1925 prologi

93 1992 103 2031 :
140 1952 311 2033 compositi
335 1958 421 2033 sunt,
455 1957 492 2017 ut
515 1953 595 2018 nihil
619 1954 763 2019 habeant
788 1953 873 2036 qnod
897 1957 1119 2035 spectatorum
1149 1951 1366 2018 docendorum

93 2084 108 2141 :¹
140 2078 249 2139 causo,
286 2079 349 2124 non
380 2065 416 2124 nt
451 2078 504 2125 res
539 2059 612 2141 ipsa
645 2058 783 2140 flagitet,
819 2059 939 2125 dictum
975 2079 1047 2125 esse
1070 2059 1230 2124 videatur.
1288 2057 1367 2123 Cum

93 2204 107 2257 :f
139 2173 250 2232 autern
275 2166 355 2231 haec
370 2169 441 2232 lans
466 2165 613 2232 omnibns
629 2165 824 2248 posterioris
848 2165 967 2232 aetatis
983 2165 1103 2232 fabulis
1119 2165 1366 2246 Aristophaneis

93 2296 98 2357 ρ
140 2292 222 2355 quas
255 2292 314 2339 nos
346 2271 504 2338 habemus
538 2272 715 2338 communis
739 2273 792 2353 sit,
828 2309 871 2320 -
906 2274 938 2337 in
970 2272 1205 2338 Ecclesiazusis
1239 2291 1367 2355 quoqne

93 2424 96 2463 ᾗ
140 2380 232 2447 cuius
263 2383 295 2445 in
326 2379 418 2446 initio
449 2387 546 2462 poeta
569 2379 767 2445 facetissime
799 2381 952 2461 prologos
983 2380 1178 2463 Euripideos
1210 2378 1366 2445 imitando

139 2487 259 2553 irridet
294 2483 503 2570 expositionis
539 2506 664 2554 summa
700 2485 846 2552 diverbio
879 2493 955 2568 post
978 2488 1183 2570 soliloquium
1217 2485 1366 2569 sequenti

139 2600 333 2660 reservatur
349 2632 391 2641 -
409 2614 448 2660 ea
471 2595 502 2659 in
529 2615 564 2661 re
588 2594 669 2660 haec
694 2593 828 2660 exordia
852 2593 1040 2676 discrepant
1064 2597 1149 2677 qnod
1165 2591 1366 2675 unumquod-

93 2744 97 2759 ι
141 2721 204 2784 que
228 2721 320 2767 snam
343 2700 443 2768 habet
467 2702 607 2767 indolem
625 2700 836 2784 habitumque
861 2701 1079 2784 pulcherrime
1104 2710 1138 2769 et
1153 2701 1366 2784 singulariter

140 2813 282 2888 apocta
303 2807 479 2873 inventum.
527 2809 642 2891 Itaque
666 2809 727 2874 hac
757 2817 852 2891 parte
878 2811 1112 2893 Aristophanes
1144 2828 1211 2875 meo
1236 2808 1366 2890 quidem

141 2933 240 2980 sensu
263 2920 297 2981 et
321 2934 430 2982 omnes
455 2922 569 2998 poetas
593 2916 735 2998 tragicos
753 2916 830 2983 vicit
853 2925 887 2983 et
910 2919 992 3000 ipse,
1017 2918 1044 2983 si
1069 2917 1269 3000 posteriores
1294 2934 1366 2981 cnm

140 3021 306 3104 prioribus
330 3022 447 3088 fabulis
472 3042 707 3105 comparamus,
733 3025 870 3090 maxime
895 3043 1092 3108 progressus
1118 3031 1177 3090 est.

248 3183 316 3248 Iam
340 3203 412 3249 cum
436 3185 532 3266 plura
562 3204 646 3251 nunc
677 3205 739 3250 non
763 3187 829 3251 sint
858 3205 941 3268 quae
966 3187 1006 3252 de
1034 3186 1170 3269 antiqua
1200 3183 1366 3250 comoedia

140 3290 284 3372 proferri
316 3293 451 3374 possint,
484 3294 523 3359 ad
557 3293 693 3357 mediam
725 3299 758 3358 et
790 3312 905 3357 novam
933 3294 1174 3376 aggrediamur,
1211 3292 1301 3358 cuius
1326 3292 1365 3357 de

139 3398 285 3479 prologis
320 3399 503 3465 accuratius
539 3419 673 3481 agemus
685 3402 704 3464 ¹.
763 3401 978 3467 Statuendnm
1014 3409 1122 3468 autom
1158 3407 1208 3466 est
1242 3400 1366 3464 nullum

138 3502 220 3584 fere,
253 3507 337 3586 quod
370 3525 428 3571 nos
452 3505 582 3588 quidem
607 3525 802 3589 cognoscere
826 3508 998 3590 possimus,
1032 3509 1164 3590 gravius
1190 3507 1363 3573 discrimen

139 3612 344 3679 intercedere
368 3614 401 3678 in
431 3613 559 3695 prologi
591 3633 651 3680 usn
682 3615 929 3681 intermediam
960 3625 994 3682 et
1017 3635 1132 3681 novam
1157 3615 1363 3681 comoediam.

140 3722 255 3800 Itaque
280 3718 340 3785 hac
372 3719 405 3783 in
438 3723 629 3802 quaestione
664 3720 775 3787 ambas
799 3741 863 3788 una
886 3723 1046 3805 simulque
1072 3722 1296 3789 tractabimus.
1324 3757 1363 3768 -

139 3826 271 3907 Prologi
295 3835 404 3894 autem
428 3832 554 3895 nomine
579 3849 651 3895 eam
667 3828 797 3896 fabulae
821 3838 948 3912 partem
972 3828 1160 3913 significabo
1184 3829 1302 3911 inqua
1326 3848 1364 3894 eo

139 3935 316 4015 praecipue
340 3955 472 4002 munere
495 3943 594 4018 poeta
619 3936 766 4018 iungitur
790 3945 827 4004 ut
850 3943 1076 4019 argumentum
1102 3940 1251 4015 exponat.

246 4041 313 4105 Iam
338 4049 374 4107 ut
397 4043 437 4106 ad
461 4042 589 4124 singula
621 4063 680 4108 nos
705 4049 942 4119 convertamus,
976 4043 1147 4108 discedunt
1172 4042 1204 4106 iri
1236 4040 1364 4123 prologi

139 4147 203 4210 dno
227 4146 259 4211 in
284 4166 422 4229 genera:
454 4156 682 4231 argumentum
705 4151 788 4216 enim
814 4133 988 4232 exponitur
1012 4157 1070 4215 ant
1094 4150 1127 4214 in
1158 4144 1230 4231 ipsa
1252 4147 1364 4214 fabula

138 4250 180 4316 ab
204 4251 306 4333 ipsius
330 4252 460 4321 fabulae
490 4277 642 4338 persona,
673 4263 730 4322 ant
757 4264 833 4324 ante
864 4257 994 4324 fabulae
1024 4256 1151 4322 initium
1180 4274 1199 4321 a
1222 4273 1365 4337 persona

247 4448 256 4480 ¹
274 4448 363 4503 Multa
388 4448 422 4502 de
447 4449 480 4503 iis
502 4454 577 4504 recte
595 4451 750 4506 observavit
768 4451 902 4506 Dziatzko
921 4451 949 4506 in
968 4451 1196 4507 commentatione
1212 4449 1265 4505 Die
1283 4450 1365 4505 Plau-

138 4535 273 4592 tinischen
291 4537 407 4607 Prologe
426 4553 506 4605 quam
525 4538 670 4608 inscripsit.
707 4540 813 4594 Lucem
835 4540 911 4597 1867.
1277 4612 1432 4648 Α
