2910 4942
614 167 832 237 ..32-

108 369 285 437 randarum
317 377 404 436 esset
427 368 564 448 occasio,
598 375 631 435 ct
662 387 723 450 per
753 387 788 434 se
812 367 981 449 probabile
1005 373 1056 434 est
1080 374 1115 434 et
1139 373 1348 450 apparetur

108 477 287 544 imitatione
312 477 449 558 Turpilii
474 475 586 543 comici
610 476 697 558 apud
721 475 933 556 Priscianum,
958 474 1013 540 ubi
1036 475 1132 541 initia
1159 474 1240 541 fere
1264 473 1348 542 iabu-

109 586 214 651 larum
238 592 549 652 commemorantur:
966 572 967 575 ’

268 713 373 769 quaeso
395 695 503 768 edepol,
527 714 583 768 quo
606 700 673 754 autc
698 695 786 754 lucem
809 699 834 753 to
857 696 951 754 subito
973 685 1071 768 rapo}

267 821 321 872 cre,
344 821 409 861 cum
430 821 491 861 uuo
506 810 620 875 pacoro.²
642 800 709 864 PH.
735 820 841 875 nequeo
864 819 924 862 esse
946 804 1035 871 tutus,
1062 802 1243 876 Stephanio.

269 907 329 971 ST.
345 909 416 982 qaid
430 911 492 968 ito?
516 906 583 971 PH.
600 914 632 968 ut
646 910 745 978 solent,
760 926 805 967 me
820 927 906 968 curuo
920 927 1021 969 sorano
1034 915 1202 986 scprcpant

260 1018 403 1092 forasque
425 1018 517 1076 noctis
539 1019 665 1075 ercitum
687 1017 809 1077 silentio.

108 1140 237 1186 servum
270 1121 434 1187 addidisse
467 1120 634 1202 Turpilius
668 1120 808 1201 videtur,
843 1129 876 1188 et
908 1123 994 1204 apud
1026 1122 1253 1189 Menandrum
1289 1142 1353 1188 una

107 1246 249 1311 persona
272 1226 378 1311 loqui'.
426 1229 605 1295 Verissima
629 1228 708 1294 haec
732 1247 805 1294 esse
829 1236 977 1311 apparet,
1002 1230 1064 1295 nisi
1087 1231 1176 1312 quod
1203 1228 1353 1296 fortasse

108 1335 141 1401 id
167 1353 294 1417 quoque
317 1335 456 1416 cogitari
480 1335 585 1417 possit
602 1335 783 1416 Turpilium
808 1336 947 1402 alteram
963 1336 1187 1403 Menandreae
1215 1335 1354 1402 fabulae

107 1442 335 1508 recensionem.
354 1477 396 1490 -
421 1441 502 1508 duas
519 1443 604 1507 enim
622 1442 790 1524 Epicleros
806 1449 936 1510 veteres
952 1450 1116 1524 noverunt
1131 1479 1176 1492 —
1196 1452 1354 1511 secutum

109 1567 191 1615 esse.
231 1548 266 1614 Si
291 1555 399 1615 autem
417 1549 583 1631 Turpilius
606 1548 676 1631 ipse
700 1550 848 1626 mutavit,
873 1559 960 1616 certe
983 1569 1046 1616 non
1070 1568 1109 1616 err
1133 1569 1196 1616 suo
1214 1550 1353 1634 ingenio

109 1655 229 1736 hausit,
255 1656 312 1721 sed
336 1656 401 1721 alia
424 1657 572 1737 exempla
596 1655 725 1722 Graeca
746 1663 822 1723 ante
846 1657 955 1722 oculos
978 1653 1102 1720 habuit.
1150 1653 1252 1732 Quod
1278 1676 1352 1722 cum

108 1766 181 1831 aliis
212 1784 250 1831 ex
282 1761 381 1830 rebus
414 1769 482 1828 tum
516 1781 556 1828 cx
588 1782 705 1844 magna
737 1765 949 1833 similitudine
984 1764 1125 1832 efficitur
1157 1783 1250 1847 quae
1280 1765 1352 1830 eius

108 1871 258 1940 versibus
282 1890 353 1936 cum
378 1870 581 1936 Curculionis
605 1870 698 1937 initio
723 1878 783 1938 est.
832 1872 941 1939 Affero
960 1870 1163 1940 curculionis
1189 1891 1223 1936 r.
1252 1872 1285 1951 1,
1311 1872 1352 1936 21

368 1980 431 2056 Quo
454 1981 501 2040 ted
521 1981 573 2039 noc
595 1983 686 2040 aootc's
710 1981 805 2039 dicum
820 1981 969 2053 proficisci
984 1982 1074 2056 forus

165 2176 186 2240 9
368 2090 524 2148 camiaico
547 2092 653 2148 ornatu
675 2106 793 2162 cumqaae
815 2090 869 2148 huc
885 2105 1004 2163 pompa,

109 2182 143 2242 et
196 2197 204 2242 ε

368 2269 426 2325 tuto
447 2266 501 2324 tibi
516 2282 593 2338 puer
616 2283 652 2326 ec.

111 2369 316 2437 -Transeo
341 2373 381 2437 ad
405 2372 539 2437 tertium
564 2371 660 2437 huius
684 2371 815 2453 generis
831 2372 1022 2453 exemplum,
1047 2354 1132 2454 quod
1149 2371 1347 2436 sumendum

110 2484 161 2543 est
191 2497 230 2543 ex
254 2476 424 2544 Menandri
456 2474 568 2542 fabula
592 2476 784 2562 Μισοὺμενος
816 2495 900 2558 quae
930 2476 1089 2559 inscripta
1113 2483 1197 2542 erat.
1226 2477 1346 2556 Quam·

110 2572 205 2667 quam
239 2585 279 2651 de
311 2583 504 2667 fragmentis
537 2585 607 2650 eius
640 2585 806 2667 plerisque
841 2590 931 2650 recte
963 2584 1025 2649 viri
1053 2583 1139 2650 docti
1168 2584 1235 2650 iam
1261 2586 1344 2650 iudi-

110 2696 275 2771 caverunt,
310 2696 514 2756 tamencum
539 2699 572 2756 et
603 2691 757 2757 nonnulla
780 2689 929 2756 addenda
952 2709 1026 2756 esse
1048 2688 1135 2758 ,mihi
1167 2689 1344 2760 videantur

109 2806 143 2867 et
167 2800 253 2882 quod
276 2797 375 2864 sciam
399 2816 492 2863 nemo
514 2795 643 2862 fabulae
663 2796 819 2878 reliquias
837 2814 875 2861 eo
896 2795 1009 2860 ordine
1026 2813 1222 2877 componere
1248 2817 1342 2884 cona·

110 2915 163 2973 tus
188 2908 231 2973 sit
262 2924 355 2989 quem
386 2906 419 2970 in
443 2906 572 2985 integra
596 2902 708 2970 fabula
731 2901 833 2969 luisse
857 2902 968 2967 conici.
982 2908 1102 2983 potest,
1127 2921 1187 2968 nos
1212 2904 1278 2972 iam
1305 2906 1343 2970 de

109 3014 252 3098 protasis
287 3011 393 3078 forma
427 3019 526 3094 atque
561 3019 675 3078 tenore
710 3010 929 3075 coniecturam
961 3005 1072 3075 iacere
1102 3010 1343 3092 periclitemur.

109 3122 231 3189 Summi
267 3118 420 3186 momenti
455 3127 507 3187 est
540 3120 631 3186 locus
671 3138 766 3202 quem
801 3117 937 3199 legimus
972 3117 1006 3183 in
1040 3117 1170 3182 Arriani
1206 3118 1342 3186 dissert.

110 3226 215 3309 Epict.
241 3225 296 3292 IV.
323 3225 351 3288 1.
380 3224 436 3290 19:
461 3226 519 3308 δρα
543 3227 563 3288 ἃ
586 3225 671 3311 λέγει
694 3228 748 3291 καὶ
771 3235 856 3289 ποιεῖ
876 3225 893 3289 δ
917 3224 1127 3311 Θρασωνίδης,
1151 3224 1217 3301 ὃς.
1254 3275 1261 3288 .
1295 3273 1303 3289 .
1336 3273 1343 3289 .

110 3342 232 3420 πρῶτον
256 3335 312 3418 μὲν
336 3331 509 3417 ἐξελήλυθε
533 3331 652 3414 νυκτός,
677 3334 728 3396 ὅτε
752 3332 768 3395 ὁ
791 3330 888 3408 Γέτας
911 3333 947 3396 οὐ
971 3331 1072 3416 τολμᾷ
1093 3329 1237 3408 ἐξελθεῖν
1256 3380 1264 3395 .
1283 3381 1291 3397 .
1311 3380 1343 3398 ..

110 3443 177 3505 εἶτα
200 3461 227 3504 τι
250 3439 584 3612 λέγει,παιδισκάρών
609 3549 647 3614 με
669 3527 923 3594 χαταδεδοὺλωκ’
946 3527 1079 3610 εὐτελές,
1127 3621 1129 3625 ι

368 3635 402 3700 δν
426 3634 525 3712 οὐδεὶς
548 3643 609 3702 τῶν
633 3636 790 3721 πολεμίων
814 3635 941 3700 πώποτε
972 3683 980 3698 .
1013 3683 1020 3698 .
1054 3682 1081 3716 .,

110 3745 177 3811 εἶτα
207 3743 291 3829 ξίφος
321 3743 409 3822 αἰτεῖ,
439 3743 493 3806 καὶ
524 3744 601 3827 πρὸς
631 3744 683 3807 τδν
706 3743 757 3806 ὑπ”
787 3743 906 3820 εὐνοίας
930 3746 973 3829 μὴ
997 3741 1120 3835 διδόντα
1142 3741 1344 3827 χαλεπαίνει,

110 3853 164 3916 καὶ
188 3850 273 3936 δῶρα
296 3859 335 3936 τῇ
359 3851 492 3934 μισοὺσῃ
516 3847 632 3933 πέμπει
656 3852 709 3913 καί
733 3851 830 3915 δεῖται
854 3852 907 3914 καὶ
931 3849 1052 3913 aldea
1075 3848 1212 3915 Videtur
1237 3850 1345 3930 igitur

110 3958 254 4042 protasis
277 3957 359 4024 haec
382 3955 508 4045 fuisset
526 3957 629 4037 miles,
655 3958 709 4039 qui
733 3977 842 4024 amore
864 3958 993 4039 puellae
1016 3956 1167 4021 incensus
1189 3974 1345 4039 ¹somnum

111 4083 229 4148 capere
259 4064 382 4147 nequit,
418 4071 576 4130 nocturno
609 4071 756 4146 tempore
787 4066 874 4130 solus
906 4068 1001 4129 extra
1032 4061 1160 4127 domum
1184 4064 1345 4145 prodiens

111 4171 259 4240 miserias
292 4190 368 4237 suas
399 4170 559 4253 simulque
589 4169 720 4237 tabulae
747 4176 975 4252 argumentum
998 4175 1123 4236 narrat.
1170 4170 1244 4237 Huc
1270 4193 1345 4256 per·

110 4279 217 4348 tinent
246 4297 362 4345 versus
390 4277 485 4344 modo
514 4278 604 4344 allati
628 4279 701 4358 duo,
737 4296 818 4360 quos
844 4278 1001 4345 Arrianus
1032 4278 1186 4361 servavit,
1222 4279 1345 4349 deinde

110 4384 329 4471 fragmentum
354 4384 437 4452 336:
1085 4406 1090 4464 2
1239 4373 1241 4378 ’
1324 4370 1327 4376 ’

368 4490 442 4578 παρ’
463 4493 531 4580 ἐμοὶ
552 4491 614 4580 γάρ
637 4493 718 4558 ἐστιν
742 4493 840 4576 ἔνδον,
864 4491 979 4572 ἔξεστιν
1002 4492 1036 4557 δέ
1061 4515 1111 4577 μοι
