2910 4942
681 205 878 272 ..2-

167 423 241 469 esse
271 422 331 485 pro
363 409 453 469 certo
484 403 597 469 baberi
628 410 747 486 potest.
796 406 864 469 Iam
893 406 1007 469 vitium
1039 407 1099 470 hoc
1130 425 1200 470 cum
1240 407 1413 470 sentirent

167 510 229 592 ipsi
253 517 370 593 poetae
403 530 521 576 sanare
551 511 758 579 studuerunt.
807 512 899 590 Quod
932 512 1071 578 dilucide
1103 531 1141 577 ex
1168 512 1412 594 Aristophanis

167 615 286 683 fabulis
329 616 584 699 posterioribus,
638 620 786 700 inprimis
828 620 1013 702 Lysistrata
1048 618 1411 701 Thesmophoriazusis

167 725 267 790 Ranis
290 724 502 805 intellegitur.
550 727 596 791 Ac
620 727 759 807 primum
784 726 914 809 quidem
939 746 1009 791 cum
1035 733 1132 793 antea
1156 725 1280 792 chorus
1308 746 1410 808 para-

167 832 271 898 basim
295 831 436 896 recitans
460 836 688 912 argumentum
718 829 848 896 fabulae
872 831 968 913 plane
1001 830 1187 911 relinquere
1212 836 1249 896 et
1279 832 1327 895 ad
1355 853 1409 898 res

167 958 304 1021 prorsus
335 938 457 1004 alienas
488 959 524 1005 se
556 945 747 1005 convertere
781 939 911 1018 soleret,
943 957 1027 1003 nuno
1062 938 1233 1019 parabasis
1269 944 1334 1005 aut
1370 942 1411 1006 ad

168 1051 395 1128 argumentum
412 1047 547 1128 propius
565 1046 689 1110 accedit
708 1045 789 1130 (Av,
816 1045 960 1126 Thesm.)
985 1051 1042 1109 aut
1059 1044 1230 1109 omittitur.
1274 1045 1411 1113 Deinde

168 1172 239 1218 cum
267 1152 300 1216 in
329 1151 522 1235 plerisque1
554 1153 674 1235 prioris
706 1154 825 1218 aetatis
856 1150 976 1218 fabulis
1009 1158 1200 1234 argumento
1232 1158 1294 1216 aut
1329 1161 1410 1221 ante

168 1265 225 1326 aut
248 1267 323 1341 post
347 1280 483 1342 agonem
512 1263 576 1328 iam
608 1264 757 1328 absoluto
789 1269 964 1342 sequentes
988 1266 1101 1343 partes
1133 1279 1204 1326 eum
1228 1260 1410 1342 prioribus

168 1367 248 1434 satis
284 1369 368 1434 male
404 1369 620 1435 cohaererent
659 1376 692 1436 et
734 1368 856 1435 minimi
891 1365 1045 1433 momenti
1088 1385 1160 1431 esse
1195 1366 1409 1448 viderentur,

168 1473 405 1556 Aristophanes
444 1475 477 1539 in
512 1475 696 1557 Lysistrata
729 1473 1075 1555 Thesmophoriazusis
1107 1471 1208 1536 Ranis
1248 1491 1324 1537 rem
1361 1476 1410 1540 ita

167 1581 320 1662 instituit,
354 1589 390 1648 ut
413 1582 445 1646 in
479 1582 550 1663 ipso
575 1584 702 1648 demum
727 1579 857 1646 fabulae
890 1581 978 1646 exitu
1011 1586 1237 1660 argumentum
1270 1599 1410 1663 quoque

169 1684 366 1752 absolvatur.
415 1684 626 1751 Difficultatis
658 1694 765 1751 autem
798 1685 873 1751 iude
904 1692 1001 1750 natae
1032 1685 1210 1751 remedium
1232 1684 1267 1749 iu
1299 1688 1409 1755 Ranis

168 1793 250 1859 illud
273 1793 406 1873 invenit,
437 1800 474 1858 ut
506 1810 568 1857 non
593 1792 760 1872 inpriore
794 1790 851 1855 sed
883 1791 917 1854 in
940 1790 1123 1871 posteriorc
1148 1789 1278 1855 fabulae
1305 1800 1410 1874 parte

169 1919 305 1982 agonem
330 1908 476 1982 poneret.
513 1900 620 1965 Minus
637 1905 746 1964 autem
763 1896 903 1963 feliciter
919 1916 973 1963 res
998 1897 1028 1961 ei
1045 1899 1143 1963 cessit
1162 1898 1193 1962 in
1210 1898 1410 1980 Lysistrata

169 2019 203 2075 et
226 2008 583 2093 Thesmophoriazusis.
630 2011 667 2075 In
692 2008 878 2092 Lysistrata
902 2005 963 2071 viri
997 2025 1034 2070 eo
1065 2006 1150 2086 quod
1182 2005 1344 2072 muheres
1373 2028 1409 2074 se

163 2113 232 2193 ,ilus
256 2134 378 2197 negare
403 2117 643 2184 constituerunt
662 2136 774 2199 paoem
798 2134 942 2198 pangere
967 2120 1138 2196 coguntur,
1164 2132 1247 2195 quae
1274 2133 1409 2182 summa

169 2222 218 2286 rei
241 2227 301 2286 est.
357 2222 475 2302 Agitur
505 2223 565 2289 boc
595 2223 627 2288 in
652 2243 699 2288 vv.
728 2223 857 2287 1-239
890 2229 923 2289 et
954 2223 1161 2286 too-1321.
1216 2222 1409 2293 intercedit

169 2335 277 2394 autem
301 2329 392 2394 chori
422 2330 576 2411 parodus,
612 2349 707 2412 quam
741 2329 891 2411 sequitur
914 2330 1120 2412 Lysistratae
1153 2349 1223 2395 cum
1257 2330 1408 2411 probulo

169 2435 350 2503 altercatio.
407 2439 496 2517 Quae
529 2456 607 2519 pars
647 2436 811 2501 minimum
846 2437 888 2502 ad
921 2442 1149 2518 argumentum
1179 2437 1283 2516 valet,
1332 2459 1408 2505 eum

169 2545 333 2610 contentio
357 2545 414 2610 illa
437 2563 499 2609 non
527 2545 715 2611 madorem
740 2563 803 2610 non
834 2543 981 2610 condolet
1005 2544 1063 2609 sed
1088 2545 1215 2610 omnino
1243 2563 1408 2614 successu

277 2789 286 2820 ¹
305 2788 334 2841 Si
353 2794 480 2842 accurate
500 2789 620 2858 singulas
638 2787 745 2843 fabulas
765 2796 927 2858 spectamus,
946 2789 1000 2844 duo
1014 2796 1151 2857 tamquam
1171 2792 1280 2846 ordiues
1301 2794 1406 2852 distin-

168 2878 269 2948 guendi
288 2885 358 2933 sunt.
396 2879 486 2934 Alteri
504 2878 632 2933 adscribo
651 2879 842 2933 Acharnenses
862 2879 968 2947 Vespas
987 2880 1087 2934 Pacem
1101 2881 1182 2949 Aves,
1202 2898 1271 2950 quae
1291 2899 1405 2942 comoe-

169 2967 231 3023 diae
257 2985 316 3022 cum
341 2975 405 3037 post
429 2967 584 3036 parabasim
610 2969 678 3021 nihil
704 2968 758 3021 iam
783 2975 913 3036 sequatur
937 2968 988 3020 nisi
1007 2983 1122 3022 scaenae
1141 2969 1205 3023 illae
1224 2969 1404 3030 ridiculariae

169 3059 264 3126 quales
283 3073 367 3127 supra
386 3057 587 3126 descripsimus,
607 3059 681 3112 exitu
702 3058 902 3112 concluduntur
921 3056 994 3110 haud
1006 3058 1046 3110 ita
1059 3065 1123 3126 apto
1139 3074 1228 3126 neque
1243 3065 1405 3127 argumenti

128 3211 129 3214 Ἴ
168 3148 301 3216 gravitate
321 3147 409 3215 digno.
448 3147 550 3201 Contra
569 3163 681 3215 prorsus
701 3147 808 3200 diversa
827 3152 869 3200 est
888 3146 1011 3199 condicio
1032 3152 1059 3199 et
1071 3145 1202 3212 Equitum
1221 3151 1248 3198 et
1268 3145 1403 3204 Nubium.

168 3237 316 3305 Utriusque
343 3237 414 3292 enim
442 3244 628 3306 argumentum
656 3254 711 3290 non
739 3236 791 3290 nisi
818 3237 878 3305 ipso
904 3234 1013 3289 fabulae
1040 3237 1114 3288 exitu
1141 3235 1242 3288 finitur.
1280 3235 1355 3290 Nam
1375 3239 1404 3292 in

168 3325 314 3394 Equitibus
338 3325 373 3379 ad
397 3333 548 3380 extremum
566 3325 668 3378 Demus
695 3339 778 3377 senex
802 3322 911 3376 dimisso
932 3323 1033 3377 Cleone
1058 3323 1086 3374 in
1111 3323 1256 3376 iuvenilem
1275 3323 1402 3391 vigorem

168 3411 203 3466 ab
222 3412 340 3466 isiciario
360 3411 486 3466 redactus
505 3409 647 3479 magnifica
661 3427 762 3480 pompa
775 3412 802 3465 in
815 3429 941 3468 scaenam
955 3413 1033 3480 redit,
1053 3413 1170 3481 indeque
1182 3414 1401 3481 pulclrerrImum

168 3499 248 3555 finem
272 3499 365 3554 fabula
384 3502 465 3570 capit.
503 3501 534 3552 ln
552 3499 672 3554 Nubium
691 3511 781 3555 autem
801 3502 876 3556 exitu
895 3500 1066 3569 Strepsiades
1085 3511 1229 3570 postquam
1249 3502 1345 3568 quales
1367 3520 1403 3558 ex

169 3590 291 3645 Socratis
311 3589 454 3658 disciplina
472 3586 577 3642 fructus
595 3589 783 3657 percipiantur
801 3591 945 3657 intellexit,
966 3591 1074 3659 dignam
1089 3591 1113 3644 ei
1133 3591 1214 3644 solvit
1233 3590 1400 3646 mercedem.

169 3680 223 3736 Sed
241 3681 358 3749 primum
375 3678 484 3746 quidem
502 3678 563 3746 ipse
581 3678 634 3730 iam
648 3679 846 3748 Aristophanes
866 3697 927 3735 sese
946 3681 1031 3734 multa
1049 3682 1076 3734 in
1092 3680 1216 3735 Nubibus
1236 3697 1352 3736 novasse
1374 3694 1403 3739 et

169 3778 256 3826 artem
275 3770 404 3825 eomioam
423 3767 502 3821 valde
517 3769 686 3836 promovisse
700 3786 754 3823 uon
767 3771 917 3839 ignorabat,
937 3772 976 3824 ita
994 3780 1024 3825 ut
1043 3773 1112 3826 hanc
1130 3772 1250 3826 fabulam
1267 3773 1402 3839 optimam

168 3863 239 3917 Inter
259 3877 351 3915 omnes
377 3875 437 3913 esse
459 3865 591 3913 censeret.
629 3860 717 3928 Legas
736 3859 806 3914 Nub.
826 3877 850 3915 v.
870 3859 923 3912 522
942 3874 981 3925 sq.
1019 3860 1101 3927 Vesp.
1124 3860 1192 3912 1047
1213 3874 1251 3925 sq.
1290 3860 1401 3916 Deinde

169 3955 284 4019 apparet
307 3950 335 4002 in
360 3949 515 4017 posteriore
534 3948 652 4002 Nubium
677 3953 756 4016 parte
774 3949 860 4001 multa
878 3949 968 4002 inesse
988 3964 1057 4015 quae
1077 3949 1158 4002 alteri
1177 3948 1283 4002 demum
1302 3963 1400 4002 recen-

169 4037 239 4091 sioni
258 4034 423 4089 debeantur:
444 4036 517 4103 quod
537 4037 674 4104 expressis
693 4036 783 4090 verbis
802 4035 836 4090 de
857 4037 970 4091 exordio
989 4037 1106 4091 traditur
1125 4038 1152 4091 in
1172 4042 1330 4105 argumento
1348 4037 1399 4092 VI.

169 4125 346 4178 —Similiter
364 4140 409 4179 res
429 4141 458 4180 se
476 4125 559 4180 habet
579 4127 607 4178 in
619 4125 773 4193 Equitibus.
801 4126 989 4181 Kirchhoffius
1003 4127 1072 4181 emm
1085 4129 1112 4180 in
1125 4129 1241 4183 Hermae
1255 4126 1306 4179 vol.
1320 4126 1398 4181 XIII.

168 4214 232 4269 inde
251 4228 268 4267 a
285 4229 313 4282 p.
333 4212 385 4267 287
411 4214 537 4282 gravibus
563 4214 659 4280 causis,
688 4213 785 4280 quibus
811 4213 881 4267 aliae
901 4213 965 4268 addi
983 4221 1106 4286 possunt,
1127 4215 1323 4270 demonstravit
1342 4233 1400 4272 non

168 4302 248 4358 modo
274 4302 430 4371 parabasim
448 4303 569 4367 alteram,
598 4300 647 4356 sed
672 4306 758 4356 totam
776 4309 882 4370 partem
901 4303 1088 4371 insequentem
1106 4314 1204 4373 postea
1223 4304 1329 4358 domum
1349 4316 1400 4361 aut

169 4392 203 4446 ab
228 4392 289 4460 ipso
308 4391 493 4459 Aristophane
518 4397 566 4445 aut
592 4391 626 4445 ab
644 4391 746 4460 Eupoli
765 4390 875 4445 fabulae
895 4392 1013 4447 additam
1033 4410 1101 4449 esse.
1138 4395 1234 4462 Itaque
1253 4394 1324 4448 duae
1344 4396 1399 4454 hae

169 4481 327 4538 comoediae
346 4496 379 4535 ea
399 4496 468 4552 quae
487 4496 570 4552 supra
589 4481 704 4537 diximus
723 4497 778 4536 non
797 4480 973 4550 redarguunt.
