2910 4942
660 229 880 295 ..63-

158 444 198 491 ex
227 422 325 490 simili
355 429 507 489 contextu
531 423 731 490 Menandrea
762 443 889 508 quoque
913 425 970 492 illa
994 426 1188 511 deprompta
1211 447 1285 495 esse
1309 427 1388 494 mihi

157 531 308 596 uidentur
342 549 425 612 quae
448 532 532 623 Plut.
568 530 607 595 de
640 529 790 596 audiend.
823 532 1007 612 poet.19a
1039 531 1151 600 affert:
1187 534 1339 620 καθάπερ
1372 535 1389 599 ὁ

158 637 336 723 Μένανδρος
360 640 459 725 ἐντῷ
484 639 629 725 προλόγῳ
653 649 708 724 τῆς
731 637 847 717 Θαΐδος
869 641 1039 727 πεποίηκεν
1063 640 1138 726 (fug.
1165 642 1253 722 217)

372 746 440 830 ἐμοὶ
464 747 520 830 μέν
544 747 598 810 οὖν
622 745 706 809 ἄειδε
728 747 882 833 τοιαύτην,
907 748 979 829 beai,

372 851 525 935 θρασεῖαν
552 851 668 936 ὡραίαν
693 851 727 916 δέ
750 855 804 917 καί
828 852 966 938 πιθανὴν
990 856 1066 936 ἅμα,

373 957 544 1023 ἀδικοῦσαν
567 958 799 1026 ἀποκλείουσαν
823 961 968 1025 αἰτοῦσαν
993 960 1107 1042 πυκνά,

373 1067 503 1153 μηδενὸς
526 1069 657 1153 ἐρῶσαν,
682 1068 949 1155 προσποιουμένην
973 1065 1000 1131 δ’
1022 1069 1080 1132 ἀεί.

160 1176 277 1242 Totum
295 1177 379 1241 enim
395 1176 501 1242 locum
516 1177 616 1243 talem
633 1178 704 1244 iere
727 1177 829 1245 luisse
845 1196 1038 1261 persuasum
1054 1177 1176 1243 habeo:
1200 1176 1255 1242 alii
1270 1182 1391 1258 poetae

160 1283 192 1348 in
225 1281 344 1349 fabulis
377 1284 445 1350 suls
476 1286 668 1352 meretrices
700 1279 858 1352 inducunt
889 1285 990 1351 bonas
1024 1284 1203 1366 dignasque
1237 1302 1320 1366 quae
1351 1303 1392 1348 ex

161 1391 266 1456 animo
304 1397 463 1457 amentur.
520 1393 578 1458 sed
615 1399 781 1474 nugantur
813 1393 877 1460 illi:
913 1392 1002 1458 nulla
1035 1391 1119 1458 enim
1151 1397 1203 1457 est
1234 1390 1392 1457 meretrix

55 1510 57 1514 ’
162 1498 246 1563 bona
270 1504 370 1580 atque
392 1495 473 1564 fida:
508 1500 605 1566 immo
630 1519 740 1567 omnes
764 1500 898 1567 summis
921 1499 1009 1565 ritiIs
1033 1499 1171 1565 obrutae
1201 1504 1287 1565 suut.
1323 1498 1392 1581 ἐμοὶ

162 1604 217 1687 μὲν
246 1604 300 1668 οὖν
324 1603 407 1668 ἄειδε
429 1606 573 1692 τοιαύτην
598 1612 680 1689 etqs.
707 1643 745 1653 -
771 1605 947 1683 Quemnam
972 1612 1080 1672 autem
1107 1606 1287 1673 Menander
1310 1604 1392 1670 haec

162 1729 234 1776 cum
258 1707 429 1791 scriberet,
453 1713 522 1777 sive
537 1731 654 1778 nomen
670 1713 933 1778 commemoravit
953 1713 1031 1792 eive,
1057 1714 1143 1795 quod
1166 1713 1266 1778 multo
1287 1711 1392 1793 magle

162 1817 233 1883 veri
264 1823 315 1883 est
342 1817 459 1898 simile,
491 1820 523 1884 in
554 1820 741 1885 uniuersum
768 1817 859 1896 dixit,
895 1826 1086 1885 eveterum
1109 1819 1273 1886 sententia
1296 1836 1393 1900 prae·

163 1927 256 2006 cipue
287 1925 486 2005 spectaverit
519 1946 558 1992 er
589 1927 724 2010 antiqua
754 1927 999 1992 narratiuncula
1033 1926 1096 1991 nisi
1126 1925 1224 1992 fallor
1255 1925 1393 1992 discitur

163 2050 259 2115 quam
282 2031 420 2112 legimus
444 2031 530 2112 apud
550 2031 752 2098 Athenaeum
771 2031 851 2097 XIII
873 2029 986 2095 bedu:
1011 2033 1057 2094 ὅτι
1081 2031 1115 2094 δὲ
1138 2034 1191 2096 καί
1215 2030 1394 2116 Μένανδρος

163 2139 181 2203 ὁ
196 2142 326 2224 ποιητὴς
342 2140 405 2222 ῆρα
420 2138 581 2225 Γλυκέρας
596 2139 710 2204 κοινόν·
735 2138 913 2224 ἐνεμεσήθη
929 2137 972 2203 δέ·
997 2137 1176 2224 Φιλήμονος
1192 2141 1253 2224 γὰρ
1269 2138 1395 2224 ἑταίρας

157 2245 352 2330 ,ἐρασθέντος
375 2248 428 2310 καί
451 2250 589 2333 χρηστὴν
612 2245 727 2332 ταύτην
750 2245 959 2330 ὀνομάσαντος
981 2244 1032 2309 διὰ
1047 2254 1101 2308 τοῦ
1118 2244 1283 2329 δράματος,
1308 2245 1395 2312 ἀντέ-

164 2352 283 2439 γραψεν
306 2349 484 2436 Μένανδρος
516 2352 557 2429 ὡς
587 2352 732 2439 οὐδεμιᾶς
762 2355 855 2439 οὔσης
884 2361 1031 2438 χρηστῆς.
1079 2350 1168 2428 Quae
1202 2350 1322 2417 fabella
1356 2370 1397 2416 ex·

158 2460 235 2541 ,ipso
269 2457 402 2525 Thaidis
437 2457 573 2539 prologo
608 2457 727 2526 hausta
766 2478 839 2526 esse
873 2459 953 2526 mihi
990 2460 1128 2525 videtur.
1193 2458 1274 2523 Nam
1316 2459 1395 2540 quin

166 2568 451 2651 grammaticorum
486 2566 643 2633 fabricam
680 2567 831 2634 redoleat
861 2586 970 2645 nemo,
1003 2574 1098 2650 puto,
1132 2564 1304 2632 dubitabit.
1357 2567 1396 2633 Id

167 2675 251 2742 enim
285 2675 431 2741 homines
465 2674 644 2741 doctissimi
674 2674 722 2740 illi
752 2674 785 2739 in
817 2674 941 2741 deliciis
969 2673 1144 2755 habebant,
1179 2678 1216 2738 ut
1245 2692 1285 2740 ex
1315 2672 1402 2756 ipsis

166 2789 337 2866 poetarum
371 2782 520 2849 versibus
557 2783 612 2865 qui
645 2782 721 2848 huic
759 2782 808 2848 rei
842 2800 954 2848 ansam
991 2782 1109 2848 darent
1142 2780 1177 2845 id
1213 2799 1316 2862 genus
1357 2782 1399 2847 de

166 2891 304 2974 privatis
327 2908 440 2956 eorum
463 2889 563 2956 rebus
586 2888 725 2956 fabellas
752 2888 983 2971 confingerent.
1032 2888 1124 2966 Quod
1147 2906 1240 2953 nemo
1265 2889 1399 2970 saepius

168 3002 322 3078 expertus
358 3003 409 3063 est
444 3016 540 3079 quam
564 2996 748 3079 Euripides.

604 3401 878 3487 urluuuuuu
905 3401 960 3484 Ill

655 3610 658 3616 ,
712 3561 791 3632 adp.
812 3565 854 3621 52.

277 3747 442 3826 Quomodo
466 3746 500 3812 in
524 3744 643 3812 fabulis
666 3744 853 3827 Euripideis
878 3749 1082 3826 spectatores
1107 3760 1223 3807 nomen
1253 3743 1321 3806 eius
1345 3743 1404 3824 qui

170 3855 349 3943 προλογίζει
372 3853 553 3936 comperire
577 3854 705 3919 soleant
721 3870 822 3934 supra
845 3852 1062 3933 exposuimus.
1109 3848 1285 3931 Sophocles
1310 3850 1405 3931 quin·

171 3980 233 4042 que
256 3960 290 4024 in
314 3960 493 4043 tragoediis
517 3959 564 4026 ita
583 3959 726 4026 instituit
748 3966 786 4026 ut
803 3960 910 4025 altera
933 3958 1070 4024 duarum
1087 3973 1300 4038 personarum
1317 3974 1405 4037 quae

170 4069 295 4150 primae
323 4068 356 4134 in
386 4088 536 4135 scaenam
566 4068 822 4150 progrediuntur
853 4066 1004 4133 ordiatur
1034 4065 1075 4130 ab
1106 4063 1242 4129 alterius
1272 4065 1405 4128 nomine

170 4177 384 4260 proferend0;
416 4177 513 4258 paulo
544 4181 618 4258 post
647 4176 704 4242 illa
733 4178 911 4259 respondet
935 4182 969 4243 et
991 4175 1088 4258 plane
1113 4173 1225 4239 eodem
1250 4172 1345 4236 modo
1370 4173 1405 4238 in

171 4285 320 4369 responsi
351 4285 443 4351 initio
474 4285 561 4351 illius
591 4276 706 4352 nomen
738 4283 840 4368 ponit.
886 4287 935 4351 De
960 4280 1143 4350 Trachiniis
1167 4279 1278 4345 videas
1304 4278 1406 4373 adn07

171 4393 329 4460 tationem
351 4395 384 4458 in
408 4413 439 4475 p.
465 4391 517 4458 52.
566 4391 682 4474 Oedipi
699 4397 808 4458 autem
831 4390 921 4473 regis
944 4389 1082 4472 initium,
1108 4389 1193 4472 quod
1217 4386 1406 4455 accuratius

171 4506 318 4567 tractare
342 4500 449 4581 liceat,
474 4501 534 4567 hoc
558 4507 626 4568 est:
