2910 4942
613 223 894 298 -27-‚

324 426 439 503 στεῖχε.
466 453 507 464 -
531 417 654 503 στείχω·
678 417 706 482 τί
729 417 764 482 δέ
787 428 981 504 καινουργεῖς
1027 467 1035 482 .
1083 442 1109 503 .;

243 525 301 589 12:
326 524 353 588 al
377 524 411 588 δέ
433 527 471 588 σὺ
495 535 613 611 σκηνῆς
636 525 726 602 ἐκτὸς
749 525 881 609 άίσσεις;

64 642 67 649 ’
111 651 182 698 cum
205 632 376 697 Plautinae
406 631 536 698 fabulae
566 632 714 700 versibus
743 633 866 716 primis.
921 634 1016 716 Fingi
1045 641 1154 703 antem
1184 642 1338 717 poteraut

110 739 194 805 haec
225 739 318 805 initia
349 740 389 806 ad
413 741 592 822 exemplum
617 740 730 806 talium
758 741 902 807 locorum
926 743 1054 824 qualem
1079 763 1177 809 uuum
1200 742 1338 824 legimus

110 848 143 912 in
159 848 356 930 Euripideae
373 848 540 932 Hippolyti
557 849 767 931 expositione,
792 849 847 915 ubi
863 849 974 915 nutrix
990 868 1085 916 serva
1100 851 1175 917 inde
1190 870 1209 915 a
1227 870 1255 914 v.
1274 849 1337 913 291

112 953 295 1019 Phaedram
319 961 356 1021 ut
379 954 526 1020 morbum
550 975 644 1021 suum
668 953 729 1021 sibi
753 954 927 1021 concredat
949 954 1121 1023 hortatur:

310 1060 387 1147 ,ἐγώ
411 1059 444 1126 θ’
466 1064 530 1147 ὅκῃ
555 1084 602 1125 σοι
626 1065 669 1148 μῆ
693 1062 799 1139 καλῶς
822 1059 892 1126 τόθ’
913 1061 1043 1148 εἱπόμην

326 1163 445 1249 μεθεῖσ’
467 1164 516 1230 ἐπ’
539 1165 634 1232 ἄλλον
658 1170 720 1252 εἶμι
744 1167 854 1256 βελτίω
878 1167 982 1255 λόγον.

326 1274 374 1337 κεί
398 1274 453 1356 μέν
477 1283 575 1350 νοσεῖς
599 1296 627 1338 τι
650 1283 711 1340 τῶν
736 1276 920 1361 ἀπορρήτων
944 1282 1064 1356 κακῶν,

324 1390 470 1465 γυναῖκες
494 1382 562 1447 αἵδε
584 1382 835 1467 συγκαθιστάναι
859 1382 959 1448 νόσον.

325 1486 352 1548 εἰ
375 1484 402 1550 δ’
424 1487 556 1571 έκιροράς
579 1509 627 1552 σοι
651 1492 795 1574 συμφορά
818 1492 894 1575 πρὸς
919 1493 1060 1574 ἄρσενας,
1105 1501 1107 1504 ‘

325 1591 399 1679 λέγ’,
423 1592 465 1670 ὡς
488 1595 603 1679 ἰατροῖς
627 1606 756 1682 πρᾶγμα
781 1598 907 1684 μηνυθῆ
930 1597 1010 1661 τάδε.
1059 1614 1061 1617 ·

326 1700 397 1764 εἶεν·
421 1699 448 1763 τί
472 1711 577 1787 σιγᾷς;
602 1703 661 1766 οὐκ
684 1702 780 1789 ἐχρῆν
804 1713 905 1789 σιγᾶν,
928 1701 1048 1783 τέκνον,

326 2019 461 2106 φθέγξαι
484 2042 522 2104 τι,
546 2019 628 2107 δεῦρ’
650 2023 790 2110 ἄθρησον
814 2022 883 2086 κτλ.

114 2127 326 2205 Quibuscum
350 2128 431 2193 nihil
455 2127 585 2212 efficiat,
611 2148 700 2196 eram
724 2130 787 2196 iam
811 2129 1059 2197 obtestandot
1025 2146 1043 2193 a
1045 2133 1124 2210 tque
1140 2125 1340 2194 obsecrando

113 2239 155 2302 ad
179 2236 227 2304 lat
228 2237 346 2304 endum
371 2237 518 2319 quesivi
542 2239 638 2320 cogit.
687 2239 793 2322 Leges
817 2258 932 2307 versus
956 2238 1031 2304 inde
1055 2247 1075 2301 ιι
1095 2234 1185 2301 324:

326 2345 362 2418 οὐ
385 2343 460 2431 δῆθ’
483 2345 600 2410 ἑκοῦσά
623 2344 652 2432 γ’
675 2347 755 2430 (scil.
781 2348 954 2414 concedam
978 2342 1191 2430 unimores),

698 2452 731 2517 έν
755 2451 789 2516 δέ
813 2455 860 2517 σοὶ
884 2452 1076 2538 λελείψομαι.
1196 2440 1200 2447 ’

260 2596 302 2607 -
326 2559 354 2622 tl
376 2559 468 2645 δρᾷς;
493 2558 591 2645 βιάζει
614 2561 717 2645 χειρὸς
739 2558 951 2646 έξαρτωμένη;

260 2681 302 2714 -’-
326 2667 379 2729 καί
403 2673 466 2730 σῶν
488 2687 525 2751 γε
548 2666 698 2751 γονάτων,
722 2668 780 2732 κού
804 2667 984 2753 μεθῆσομαί
1006 2688 1116 2733 ποτε·

154 2777 235 2844 333;
263 2813 299 2823 -
326 2775 450 2841 ἄπελθε
474 2777 550 2860 πρὸς
574 2775 658 2839 θεῶν
682 2774 782 2853 δεξιαῖς
805 2773 831 2839 τ’
852 2775 928 2860 ἐμῆς
953 2774 1057 2860 μέθες.

262 2920 300 2930 -
326 2885 362 2947 οὐ
386 2880 463 2968 δῆτ’,
485 2883 552 2946 baal
576 2904 627 2967 μοι
651 2883 750 2968 δῶρον
773 2883 809 2946 οὐ
834 2881 923 2971 δίδως
947 2883 963 2945 ὃ
986 2892 1077 2968 χρῆν.

260 3026 302 3036 -
327 2987 427 3052 δάισω·
452 2986 545 3074 σέβας
568 2991 630 3073 γὰρ
652 2989 755 3074 χειρὸς
779 2986 923 3071 αἰδοῦμαι
946 2988 982 3050 τὸ
1004 2985 1068 3050 σόν.

262 3134 304 3144 -
328 3094 437 3182 σιγῷμ’
460 3098 497 3160 άν
521 3095 592 3182 ῆδῆ·
616 3097 670 3172 σὸς
692 3097 754 3181 γάρ
777 3094 944 3159 οὑντεῦθεν
968 3093 1070 3180 λόγος

114 3203 225 3269 Simile
242 3202 423 3283 exemplum
440 3199 624 3282 Damophili
649 3201 802 3283 estquod
819 3221 858 3267 ex
874 3199 980 3266 Plaut'
956 3205 982 3266 ιι
1000 3199 1152 3265 Asinaria
1173 3197 1338 3315 novimus:

114 3310 159 3377 ibi
183 3309 268 3376 enim
291 3309 366 3373 inde
390 3328 409 3373 a
433 3327 460 3373 v
487 3308 529 3372 16
552 3309 633 3375 baec
656 3309 811 3391 legimus:
1295 3334 1297 3338 ·

328 3419 445 3480 Sicutt
434 3424 511 3479 tuom
533 3422 577 3480 uis
600 3422 716 3480 ιικάοιιικ
737 3424 858 3496 anatum
880 3422 945 3477 tuae

327 3528 570 3598 superessentiae
592 3531 726 3603 sospitem
749 3532 775 3587 et
796 3527 983 3599 superstitem,

328 3633 370 3690 a'ta
393 3631 440 3689 teci
463 3632 584 3690 obtestor
602 3649 659 3704 pen
682 3639 850 3694 senectutem
872 3637 952 3692 tuam

322 3758 431 3814 peraeae
455 3742 545 3811 illam,
569 3760 656 3817 auam
679 3748 710 3802 tu
732 3743 842 3810 metuis,
866 3758 985 3799 umorem
1007 3745 1104 3800 tuam:

328 3849 356 3906 si
378 3847 450 3920 quta
473 3852 504 3906 tu
525 3848 590 3906 unci
612 3865 681 3923 erqo
702 3849 786 3907 bodie
801 3849 920 3922 falsum
943 3848 1061 3918 diceris,

328 3959 360 4012 ut
385 3955 437 4013 tibi
459 3960 601 4027 superstes
623 3974 699 4015 uuor
720 3960 840 4015 aetatem
862 3957 916 4014 siet

330 4065 414 4132 atque
438 4061 491 4119 illa
513 4063 579 4121 uiua
600 4064 679 4122 uiuos
702 4067 734 4122 ut
751 4067 861 4135 pestem
884 4065 1005 4136 oppetas.

250 4200 305 4232 ,-
322 4184 378 4239 μοι
401 4169 494 4227 Dium
517 4169 639 4227 Fidium
661 4172 793 4241 quaeris:
815 4172 912 4228 iurato
935 4171 1007 4228 mibi

329 4273 411 4333 uideo
433 4291 543 4334 necesse
566 4272 625 4335 esse
648 4277 742 4349 eloqui
764 4276 906 4349 quidquid
927 4293 1015 4351 nones.

329 4383 371 4439 ita
393 4399 437 4440 ute
462 4382 600 4441 obstinate
623 4383 798 4457 adquessu's,
822 4389 855 4442 ut
876 4402 936 4443 nou
959 4384 1081 4443 audeam

324 4492 462 4564 profecta,
482 4493 664 4568 percontanti
686 4492 756 4564 quia
773 4508 909 4564 promam
932 4491 1047 4565 omnia,-
