2910 4942
679 233 897 299 ..52-

173 425 270 492 witzii
287 421 442 492 Analecta
460 426 638 508 Euripidea
661 447 692 509 p.
715 427 800 509 203).
849 428 952 494 Multo
976 430 1077 494 etiam
1099 429 1227 496 facilius
1254 432 1399 499 hocerat

173 533 206 598 in
222 533 370 617 Cyclope,
400 533 490 598 euius
515 533 645 599 fabulae
668 533 771 614 ipsius
796 553 924 618 quoque
948 537 981 601 in
1005 536 1142 617 prologo
1162 538 1265 604 Sileni
1291 559 1400 606 nornen

172 660 235 705 non
261 646 540 706 commemoratur.
557 677 600 688 -
619 641 724 707 Aliter
736 644 962 722 'comparatum
979 649 1030 710 est
1048 643 1297 711 Andromachae
1315 664 1401 712 exor-

173 747 269 827 dium,
294 747 326 813 in
350 748 412 829 quo
437 748 508 829 ipsa
533 749 758 814 Andromacha
789 767 904 813 nomen
927 767 1020 813 suurn
1045 749 1183 830 profert,
1217 752 1273 817 ita¹
1297 761 1401 818 autem

172 861 209 919 ut
232 874 382 936 magnum
406 858 438 919 in
463 873 500 919 eo
525 873 660 920 acumen
684 856 825 937 positum
848 856 908 921 sit:

384 959 557 1038 Ἀσιάτιδος
580 971 639 1046 γῆς
663 971 780 1047 σχῆμα,
805 959 929 1048 Θηβοάοι
953 963 1052 1044 πόλις,
1143 1019 1146 1024 .

385 1069 460 1133 ὅθεν
484 1066 560 1132 ποθ’
582 1068 678 1132 ἕδνων
702 1070 757 1132 σὺν
781 1067 969 1154 πολυχρύσῳ
993 1068 1086 1154 χλιδῇ

384 1173 525 1259 Πριάμου
550 1176 697 1260 τύραννον
722 1174 825 1239 ἑστίαν
849 1175 1006 1262 ἀφικόμην

385 1281 489 1366 δάμαρ
513 1282 643 1345 δοδεῖσα
667 1281 850 1358 παιδοποιδς
873 1281 1013 1365 Ἕκτορι,

385 1389 523 1475 ζηλωτὸς
547 1390 579 1453 ἔν
602 1411 639 1475 γε
662 1397 705 1475 τῷ
729 1391 799 1474 πρὶν
823 1386 1023 1476 ’Ἀνδρομάχη
1047 1389 1160 1476 χρόνῳ,
1199 1451 1203 1460 ,
1249 1408 1251 1412 ·

384 1506 437 1561 νῦν
461 1495 487 1560 δ’
509 1499 538 1561 εἶ
558 1518 602 1573 τις
627 1497 708 1582 άλλη
733 1496 964 1583 δυστυχεστάτη
988 1498 1066 1582 γυνή
1081 1501 1099 1560 ¹.
1144 1509 1146 1515 '
1233 1529 1235 1533 ν
1353 1562 1388 1571 ,,

172 1604 340 1683 Quamad
363 1604 522 1671 rationem
546 1605 696 1685 proxime
711 1603 837 1669 accedit
852 1603 1051 1686 Sophocleae
1069 1605 1186 1687 Oedipi
1211 1608 1304 1690 regis
1328 1629 1400 1691 pro·

170 1712 274 1793 lopus,
299 1712 339 1777 de
364 1729 426 1794 quo
452 1713 576 1792 egimus
599 1711 632 1774 in
650 1713 808 1803 epimetro
825 1711 882 1776 Ill.
923 1712 1049 1777 Deinde
1066 1710 1215 1781 notabile
1227 1721 1291 1794 est,
1318 1717 1401 1798 quod

170 1818 253 1884 hanc
286 1819 429 1884 adrem
462 1819 589 1896 attinet,
623 1816 869 1883 Heraclidarum
903 1817 1038 1885 initium.
1088 1817 1294 1902 Quamquam
1319 1827 1401 1889 enirn

68 1907 71 1912 ⁵
102 1959 104 1964 >
168 1926 316 1991 'Arnimio
349 1924 391 2011 (p.
418 1925 474 2009 82)
501 1926 645 1991 concedo
677 1944 717 1990 ex
747 1926 787 1990 iis
812 1942 894 2005 quae
923 1924 997 1991 inde
1022 1943 1042 1990 a
1064 1945 1093 1990 v.
1119 1928 1139 1991 6
1164 1928 1180 1990 ὁ
1204 1925 1405 2016 προλογίζων

167 2031 361 2114 proferebat
391 2031 594 2114 spectatores
625 2038 768 2097 attentos
798 2037 831 2096 et
855 2032 910 2113 qui
934 2049 998 2096 non
1022 2032 1118 2112 plane
1142 2045 1254 2102 essent
1278 2041 1400 2121 stupidi

171 2148 269 2222 atque
292 2141 413 2206 indocti
429 2139 553 2204 Iolaum
569 2137 668 2205 *facile
685 2143 881 2220 cognoscere
895 2138 1060 2218 potuisse,
1086 2146 1194 2205 tamen
1209 2141 1401 2228 Euripides,

164 2267 234 2329 oua
257 2245 320 2314 fuit
343 2247 562 2329 innarrando
579 2253 771 2328 argumento
797 2243 1010 2327 omnibusque
1027 2247 1134 2312 rebus
1151 2248 1193 2313 ad
1210 2268 1282 2331 rem
1300 2252 1402 2335 probe

92 2370 96 2384 ·
169 2354 421 2436 intellegendam
451 2353 645 2419 necessariis
677 2354 728 2418 vel
759 2354 894 2420 utilibus
925 2356 1122 2447 exponendis
1154 2376 1232 2424 cura
1264 2366 1300 2426 et
1330 2361 1402 2426 dili·

170 2463 291 2543 gentia,
313 2480 352 2526 ne
369 2460 475 2542 ipsum
493 2461 621 2541 quidem
638 2460 726 2525 illius
743 2479 859 2528 nomen
875 2464 1027 2528 omittere
1042 2463 1154 2546 voluit.
1190 2465 1276 2531 Vide
1293 2474 1403 2535 autem

170 2570 329 2652 quomodo
360 2569 430 2633 eius
459 2567 653 2633 mentionem
682 2566 807 2635 fecerit.
854 2570 934 2635 Inde
966 2588 986 2634 a
1010 2589 1038 2633 ν.
1064 2570 1106 2635 26
1138 2571 1219 2638 haec
1242 2573 1402 2656 legimus:

382 2676 443 2761 ὲηὼ
467 2674 501 2737 δὲ
525 2677 580 2739 σὺν
604 2674 752 2761 φεύγουσι
775 2678 944 2762 συμφεύγυ)
967 2678 1087 2757 τέκνοις

277 2852 286 2884 ¹
304 2851 363 2907 Hoc
383 2866 444 2906 curn
462 2851 523 2906 loco
544 2850 669 2906 conferas
682 2851 824 2906 exordium
840 2851 920 2906 unius
934 2851 1104 2922 Sophocleae
1117 2854 1191 2909 illins
1204 2854 1322 2914 fabulae
1335 2875 1405 2927 quae

61 2932 64 2937 ⁴
151 2956 185 2994 -a
203 2941 347 3008 soliloquio
366 2941 471 3010 incipit,
490 2939 587 2995 Trach.
607 2959 630 2997 v.
652 2942 666 2995 1
686 2957 738 3009 sq.:

417 3028 506 3096 Λόγος
523 3025 573 3095 μέν
590 3024 643 3081 ἔστ’
660 3024 772 3096 άρχιιῖος
792 3025 953 3096 dehortatore
970 3030 1077 3097 φανείς,

419 3108 455 3174 ὥς
473 3109 523 3166 otiu
541 3106 577 3165 ιλν
595 3110 673 3165 αἰῶν’
691 3109 826 3180 ἐκμάθοις
842 3113 957 3182 βροτῶν,
977 3113 1040 3182 πρὶν
1058 3108 1095 3167 dv

417 3195 494 3267 θάνῃ
511 3217 561 3263 τις,
584 3191 642 3249 οὔτ’
660 3199 686 3250 εἰ
701 3196 815 3266 χρηστὸς
833 3192 892 3251 οὔτ’
909 3199 937 3251 εἴ
950 3218 987 3270 την
1006 3199 1099 3260 κακός·

418 3278 469 3350 ἐγὼ
488 3279 517 3334 δὲ
535 3280 584 3334 τὸν
601 3279 676 3351 ἐμόν,
695 3282 741 3335 καὶ
759 3282 823 3348 πρὶν
844 3283 882 3344 εἰς
900 3282 983 3335 Αἴδου
1000 3271 1102 3351 μολεῖν,
1179 3278 1180 3281 ¹
1228 3275 1232 3280 ⁴

419 3364 500 3432 ἔξοιδ’
518 3364 617 3434 ἔχουσα
636 3368 755 3434 δυστυχῆ
772 3385 801 3419 τε
819 3365 864 3419 καὶ
882 3366 979 3436 βαρύν,

416 3444 476 3519 ἥτις
494 3450 598 3518 πατρὸς
615 3447 665 3518 μὲν
682 3448 711 3504 ἐν
729 3450 855 3518 δόμοισιν
875 3449 979 3512 Οἰνέως

417 3532 523 3589 ναίοντ’
542 3533 578 3588 ἔτ’
595 3533 624 3590 ἓν
643 3538 786 3604 Πλευρῶνι
804 3537 945 3604 ννμφείων
963 3529 1046 3590 ὄκνον

174 3676 175 3680 Ἰ
417 3610 543 3688 ἄλγιστον
562 3618 647 3688 ἔσχον,
667 3622 750 3682 εἴτις
768 3620 881 3682 Αἰτωλὶς
898 3621 976 3689 γυνή.
1164 3685 1168 3690 Δ

169 3707 343 3775 Quamquam,
371 3707 395 3760 si
421 3715 496 3762 recte
522 3708 619 3774 sentio,
648 3709 732 3762 multo
758 3707 848 3762 minus
868 3706 986 3770 feliciter
1004 3705 1198 3777 Sophoclires
1215 3709 1302 3765 cessit
1323 3699 1406 3780 quam

167 3797 303 3865 Euripidi.
332 3797 402 3850 Nam
416 3812 451 3851 ex
464 3797 568 3850 Trachs
582 3814 604 3850 ν.
618 3797 636 3851 8
655 3797 857 3864 spectatoribus
870 3796 1019 3851 Deianirae
1031 3813 1131 3868 nomen
1143 3797 1322 3862 divinandum
1336 3810 1405 3870 erat,

167 3886 240 3955 apud
257 3885 417 3954 Euripidem
443 3893 538 3954 aperte
557 3875 765 3940 Andromachae
792 3902 890 3940 nomen
909 3886 1030 3943 affertur.
1067 3877 1106 3940 Et
1127 3903 1188 3940 cum
1207 3888 1406 3945 Andromacha

167 3975 307 4042 aptissime
328 3981 355 4029 et
373 3975 557 4044 pulcherrime
577 3975 611 4030 de
630 3991 660 4030 se
679 3982 710 4030 ut
729 3975 762 4029 de
782 3976 870 4030 alieno
891 3975 1008 4044 quodam
1026 3977 1135 4049 homine
1155 3976 1236 4045 dicat,
1258 3981 1404 4035 nonsatis

167 4064 334 4132 intellegitur
353 4081 400 4118 cur
412 4064 542 4119 Deianira
555 4066 717 4119 Aetolarum·
729 4065 915 4119 tantummodo
934 4066 1081 4132 mulierum
1097 4066 1278 4120 miserrimam
1293 4085 1323 4123 se
1342 4085 1404 4125 esse

167 4154 327 4207 contendat:
346 4155 399 4209 nisi
418 4171 477 4209 eam
498 4155 531 4208 ob
551 4170 660 4209 causam
679 4153 845 4222 factumest,
864 4170 898 4208 ne
911 4155 972 4223 quis
986 4160 1173 4223 spectatorum
1186 4169 1284 4211 errare
1297 4167 1401 4226 posset.

166 4242 258 4310 Ipsum
277 4242 427 4311 Δηιάνειρα
444 4261 543 4299 nomen
562 4244 589 4297 in
608 4261 631 4297 v.
649 4243 683 4296 49
704 4242 811 4297 demum
831 4244 956 4312 occurrit,
976 4244 1022 4298 ubi
1041 4244 1142 4298 ancilla
1161 4259 1221 4299 eam
1241 4245 1401 4316 alloquitur.

167 4331 292 4385 Ceterum
319 4331 343 4385 si
362 4331 442 4400 ipsos
465 4334 528 4388 illos
547 4333 687 4402 Euripidis
707 4349 802 4388 versus
822 4334 972 4402 Sophocles
999 4342 1062 4388 ante
1081 4333 1174 4395 oculos
1193 4333 1301 4404 habuit,
1330 4335 1402 4405 quod

166 4420 224 4474 veri
243 4438 296 4476 non
315 4428 358 4476 est
376 4422 516 4492 dissimile,
539 4423 603 4478 inde
622 4424 693 4478 sexti
712 4439 806 4478 versus
819 4423 964 4493 Euripidei
983 4425 1126 4493 scriptura,
1141 4440 1213 4492 quae
1226 4425 1335 4480 incerta
1349 4432 1400 4495 est,

84 4524 113 4616 Ι
167 4509 348 4566 confirmatur.
1096 4528 1098 4532 ·
1383 4522 1388 4534 ⁹
