2910 4942
576 239 794 306 ..65..

67 429 170 504 inisse
193 435 357 519 putandus
380 443 469 503 esset
493 442 526 503 ct
550 436 709 516 quomodo
732 434 811 511 fieri,
828 441 950 518 posset,
977 441 1015 503 ιιι
1037 436 1148 503 statim
1165 443 1298 519 praesto

68 549 168 624 esset,
193 543 272 611 haec
289 543 396 610 omnia
411 544 444 609 in
460 544 633 624 Equitibus
657 561 721 610 non
745 545 872 611 curavit
886 549 986 627 poeta
1002 543 1152 610 comicus.
1192 545 1298 614 Multo

70 650 174 734 magis
197 650 475 718 verisimilitudini
499 651 706 732 dramaticae,
731 659 769 718 ut
790 653 838 718 ito
862 652 976 732 dicam,
1001 671 1134 734 operam
1159 653 1250 720 dedit
1265 655 1298 719 in

72 756 149 824 doh.
173 756 256 824 Nub.
282 757 381 840 Vesp.
414 758 496 824 aliis.
530 797 573 808 -
606 759 710 826 Simili
743 760 837 826 modo
861 764 960 843 atque
991 759 1024 825 in
1048 759 1222 843 Equitib'us
1245 780 1300 829 res

74 870 261 948 comparata
294 870 346 932 est
378 865 411 930 in
433 864 591 933 Nubibus.
639 866 731 944 Quod
762 866 849 934 idem
879 867 949 934 iere
981 868 1067 935 cadit
1099 867 1134 934 in
1156 870 1242 936 Aves
1268 875 1301 936 et

74 968 199 1052 Pacem,
234 971 282 1040 ita
305 979 415 1040 tamon
439 979 477 1039 ιιι
507 975 540 1038 in
564 975 648 1040 Pace
680 994 719 1041 ex
742 973 823 1057 ipsis
847 975 977 1041 demum
1001 975 1142 1057 Trygaei
1166 975 1302 1043 chorum

76 1079 259 1146 advocantis
283 1078 393 1147 verbis
417 1080 529 1160 quales
560 1081 626 1147 sint
648 1080 697 1146 illi
720 1079 867 1147 homines
891 1087 1108 1163 cognoscatur
1130 1080 1234 1168 (296).
1259 1119 1301 1130 -

72 1183 173 1254 Plane
196 1186 373 1268 singularis
397 1193 431 1253 et
454 1205 537 1268 quae
561 1187 601 1254 ab
619 1185 767 1254 omnibus
784 1189 903 1254 ceteris
919 1187 1039 1256 fabulis
1055 1189 1152 1282 longe
1168 1189 1302 1257 recedat
1376 1212 1382 1225 ·

72 1292 165 1360 chori
184 1294 340 1361 'condicio
373 1299 425 1361 est
451 1295 484 1359 in
509 1293 868 1377 Thesmophoriazusis‚
901 1314 984 1376 quae
1014 1297 1150 1380 propria
1179 1297 1302 1378 parodo

65 1419 210 1484 prorsus
240 1410 364 1484 carent,
401 1409 435 1491 et
463 1402 496 1467 in
521 1402 767 1482 Ecclesiazusis,
804 1403 859 1469 ubi
889 1403 1009 1469 chorus
1039 1403 1135 1484 piane
1159 1404 1303 1470 eiusdem

72 1507 206 1590 generis
233 1514 285 1576 est
308 1515 406 1590 atque
429 1528 591 1592 personae
615 1510 689 1576 illae
714 1528 797 1590 quae
820 1510 945 1592 primae
961 1511 993 1574 in
1010 1529 1160 1578 scaenam
1173 1529 1303 1593 proces·
1426 1531 1430 1538 ’

65 1620 196 1682 serunt.
242 1615 281 1680 In
296 1615 396 1680 Ranis
420 1621 538 1683 autem·
554 1621 587 1682 et
611 1636 764 1683 ranarum
791 1617 1047 1704 παραχορήγημα
1070 1623 1104 1684 et
1119 1624 1300 1702 mystarum

77 1722 194 1788 chorus
218 1728 296 1804 apte
316 1741 339 1788 >a
362 1725 498 1790 scaenae
521 1723 670 1806 personis
687 1727 728 1808 (v.
746 1723 811 1790 205
827 1743 886 1805 ιιι,
911 1725 975 1791 312
993 1722 1302 1810 subintroducitur.

77 1828 165 1896 idem
188 1828 359 1897 dicendum
392 1834 444 1896 est
478 1831 518 1896 de
541 1830 648 1910 Pluto,
682 1849 765 1911 quae
798 1831 840 1896 ad
867 1827 991 1912 priores
1016 1832 1153 1898 maxime
1177 1830 1305 1899 fabulas

77 1955 178 2019 prope
202 1938 334 2004 accedit.
381 1936 469 2004 Pluti
502 1939 586 2004 enim
609 1937 727 2005 timore
750 1938 921 2020 perterriti
947 1933 1088 2006 animum
1112 1940 1304 2024 Chremylus

78 2042 127 2110 his
150 2045 261 2112 verbis
285 2043 453 2112 confirmat
475 2043 552 2127 (215
576 2046 658 2130 sq.):
717 2090 719 2094 ι

95 2149 96 2152 ’
346 2201 353 2216 .
402 2201 409 2216 .
457 2156 499 2239 μὴ
523 2153 666 2239 φρόντιζε
689 2153 794 2240 μηδὲν,
819 2154 940 2242 ὠγαθέ.
1166 2220 1168 2226 .

153 2255 157 2264 ’
290 2257 354 2343 ἐγὼ
377 2259 448 2343 γάρ,
471 2260 507 2321 εὖ
529 2256 611 2322 τοῦτ’
632 2257 707 2341 ἴσθι,
731 2261 792 2324 κᾶν
816 2258 870 2346 δὲῃ
895 2259 925 2346 μ’
948 2261 1132 2344 ἀποθανεῖν,

232 2363 234 2368 ’
292 2364 384 2441 αὐτὸς
408 2363 568 2450 διαπράξω
592 2375 690 2430 ταῦτα
736 2412 1135 2429 ........
1280 2348 1283 2355 ’

292 2472 403 2539 πολλοὶ
426 2473 453 2538 δ’
474 2476 598 2542 ἔσονται
620 2479 747 2563 χᾶτεροι
770 2484 831 2562 νῷν
855 2474 1022 2562 ξύμμαχοι,
1151 2482 1152 2486 ’

293 2579 376 2655 ὅσοις
399 2579 529 2658 δικαίοις
551 2585 636 2648 οὖσιν
660 2584 719 2647 οὐκ
742 2585 781 2669 ἡν
806 2583 932 2668 ἄλφιτα.
1315 2643 1320 2652 .

82 2681 203 2760 Quae
194 2684 234 2750 1is
251 2683 367 2750 similia
391 2693 467 2753 sunt
487 2689 603 2770 quibus
620 2683 889 2757 Demosthenes
881 2711 914 2756 ιιι
931 2689 1105 2773 Equitibus
1129 2685 1307 2755 isiciarium

82 2810 153 2857 cum
177 2791 296 2858 Cicone
320 2811 467 2874 pugnare
490 2791 726 2861 dubitantem
717 2796 816 2862 1ncita
817 2793 934 2881 tt225
958 2794 1044 2878 ιιι)

295 2898 366 2964 ἀλλ’
388 2901 461 2966 εἰσιν
485 2901 581 2988 ἱππῆς
603 2902 712 2988 ἄνδρες
736 2903 854 2990 ἀγαθοὶ
877 2901 972 2990 χίλιοι

296 3016 463 3094 μισοῦντες,
476 3009 580 3092 αὐτόν,
604 3011 635 3074 οἳ
657 3009 849 3097 βοηθήσουσί
872 3030 931 3092 σοι,

295 3117 349 3179 καὶ
372 3124 433 3181 τῶν
457 3117 592 3182 πολιτῶν
614 3118 642 3182 οἱ
665 3119 757 3183 καλοί
780 3139 814 3182 τε
837 3116 988 3204 κάγαθοί,

296 3334 387 3419 κάγὼ
411 3330 476 3418 μετ’
498 3334 600 3399 αὐτῶν
623 3334 672 3421 χώ
695 3335 769 3411 θεὸς
793 3269 993 3419 ξυλλήψεται.
1045 3387 1048 3395 .

296 3439 350 3500 καί
374 3439 417 3521 μὴ
442 3435 542 3501 δέδιθι
565 3438 634 3502 κτλ.

84 3541 209 3608 Deinde
234 3561 347 3609 seruus
371 3543 505 3609 chorum
521 3563 561 3610 ex
577 3546 740 3629 Chremyli
756 3546 893 3629 paganis
910 3542 1125 3628 compositum
1140 3558 1309 3608 arcessere

85 3645 227 3714 iubetur.

192 3757 260 3823 Iam
284 3756 312 3822 si
335 3762 526 3839 reputamus
551 3777 622 3824 eam
645 3760 805 3827 rationem
829 3778 925 3843 quam
949 3757 1124 3839 Euripides
1152 3753 1312 3838 apriori-

86 3862 146 3928 bus
170 3861 289 3929 fabulis
312 3864 391 3930 nulli
417 3862 604 3930 adhibuerit
627 3870 661 3930 et
683 3864 801 3946 tragici
825 3870 942 3946 poetae
966 3859 1093 3927 omnino
1124 3863 1204 3927 satis
1235 3880 1312 3927 raro

85 3968 317 4050 usurpaverint
340 3972 426 4052 apud
454 3969 592 4037 comicos
620 3987 751 4051 semper
781 3969 814 4033 in
844 3989 906 4035 usu
936 3968 1048 4049 fuisse,
1082 3967 1179 4034 facile
1203 3988 1241 4036 eo
1265 3971 1313 4035 in-

87 4077 252 4155 clinamus,
288 4083 326 4143 nt
354 4077 543 4161 Euripidem
574 4097 646 4144 cum
676 4095 813 4159 prorsus
844 4076 940 4144 aliam
969 4079 1053 4145 viam
1084 4077 1314 4159 ingrederetur

88 4181 272 4248 comoediae
296 4200 424 4266 quoque
448 4183 629 4266 exemplum
652 4190 729 4249 ante
752 4182 862 4250 oculos
886 4181 1042 4249 habuisse
1060 4181 1269 4255 arbitremur.
