2910 4942
606 128 826 192 ...22-

106 322 327 406 reperiuntur.
397 321 703 388 Luculentissimum
746 321 928 402 exemplum
977 322 1159 404 praebent
1202 322 1319 389 Theano

106 430 322 512 phoriazusao
345 429 586 511 Aristophanis.
634 426 793 494 Conferas
817 448 845 492 ν.
871 428 889 492 1
915 446 982 510 sq.:

319 534 361 600 Ὡ
384 536 455 618 Ζεῦ,
479 534 615 622 χελιδὼν
635 535 697 619 ἆρά
721 556 797 599 ποτε
819 534 1013 621 φανήσεται;

320 643 435 708 ἀπολεῖ
456 641 486 728 μ’
508 642 612 707 ἀλοῶν
636 642 805 727 ἅνθρωπος
828 640 861 720 ἐξ
885 642 1033 712 ἑωθινοῦ.

321 751 384 816 οἶόν
407 773 451 834 τε,
475 754 545 837 πρὶν
568 754 621 817 τὸν
645 751 771 838 σπλῆνα
794 752 909 839 κομιδῆ
934 749 969 836 μ’,
988 750 1163 837 ἐκβαλεῖν,

315 862 408 943 Ιιιαρὸι
431 868 487 924 σοῦ
511 858 684 942 πυθέσθαι,
708 869 765 924 ποῖ
786 857 817 945 μ’
841 863 937 946 ἄγεις,
961 857 986 921 ὦ
1007 856 1195 945 Εὐριπίδῃ

109 972 195 1031 etv.
220 966 280 1032 26;

255 1108 298 1118 -
324 1073 396 1159 δρᾷς
418 1075 454 1136 τὸ
476 1073 586 1157 θύριον
609 1082 717 1156 τοῦτο;
741 1111 783 1120 -
808 1077 853 1158 νη
869 1074 921 1136 τὸν
944 1069 1114 1156 Ἡρακλέα

258 1428 298 1439 -
323 1391 432 1456 ἐνθάδ’
454 1392 605 1481 Ἀγάθων
630 1395 647 1458 δ
670 1392 793 1469 κλεινὸς
815 1394 910 1459 οἰκῶν
933 1390 1085 1479 τυγχάνει

322 1499 341 1563 δ
365 1501 603 1587 τραγῳδοποιὸς.
630 1538 670 1548 -
695 1510 783 1578 ποῖος
806 1503 895 1577 οὗτος
918 1500 1072 1587 rigabam

112 1605 204 1670 Addo
228 1606 392 1672 Ranarum
416 1609 594 1689 exordium,
618 1609 672 1676 ubi
695 1609 843 1674 Bacchus
868 1628 940 1674 curn
955 1606 1103 1674 Xanthia
1128 1611 1178 1676 ad
1203 1610 1336 1678 Herculis

112 1710 222 1778 fanum
245 1712 451 1794 proficiscens
475 1717 508 1781 in
532 1735 681 1782 scaenam
705 1716 825 1798 prodit.
874 1715 984 1782 Simile
1012 1714 1144 1798 aliquid
1171 1718 1336 1785 invenimus

112 1817 144 1881 in
154 1817 307 1887 Nubibus
324 1841 471 1905 quoque3
495 1821 541 1889 ihi
566 1823 648 1888 enim
665 1822 742 1888 inde
767 1841 830 1890 au.
844 1821 887 1887 92
904 1821 1116 1903 Strepaiades
1133 1823 1210 1890 filio
1228 1827 1338 1893 domun

113 1927 258 1993 Socratis
282 1935 459 2010 monstrat3
484 1948 676 2013 quamquam
704 1929 769 1996 elia
791 1930 946 1999 nonnulla
968 1929 1030 1997 hoc
1052 1931 1127 1998 loco
1154 1933 1228 1998 iam
1262 1949 1339 2016 prae

108 2041 292 2115 cesserunt.
340 2037 453 2120 Neque
485 2039 598 2103 Avium
628 2037 755 2102 initium
786 2036 942 2103 dissimile
976 2043 1043 2119 est,
1080 2038 1139 2105 ubi
1173 2039 1340 2122 Euelpides

115 2147 148 2206 et
163 2140 372 2210 Pithetacrua
396 2146 502 2210 avium
527 2146 621 2211 sedes
645 2144 842 2227 petuntur
866 2150 973 2210 tamen
996 2148 1035 2209 ut
1059 2150 1186 2211 neuter
1212 2143 1342 2229 regionis

114 2253 250 2332 viaeque
273 2253 354 2319 satis
378 2253 505 2336 peritus
528 2253 581 2323 sit.

222 2355 286 2422 Sed
310 2357 480 2438 tragoedia
496 2377 624 2441 quoque
640 2357 702 2424 hac
717 2357 846 2424 ratione
869 2362 1009 2438 ascesi,
1035 2359 1247 2442 quamquam
1269 2361 1341 2428 iuter

115 2464 314 2545 tragicorum
345 2469 378 2530 et
410 2465 605 2531 comicorum
636 2471 809 2548 poetarum
840 2485 935 2533 usum
970 2452 1148 2547 nonnihil(
1173 2474 1218 2536 ut
1253 2470 1343 2547 decet,

115 2572 296 2640 intercedit.
342 2572 526 2642 Reseranda
549 2575 613 2642 huc
637 2580 713 2642 sunt
735 2574 829 2640 initia
852 2574 1108 2656 Sophoclearum
1136 2574 1301 2644 Electrae
1320 2580 1345 2642 et

116 2680 327 2748 Philoctetae.
379 2682 449 2749 illic
480 2685 702 2765 paedagogus,
737 2683 793 2764 qui
822 2687 873 2749 est
903 2680 1031 2747 itineris
1060 2680 1138 2763 dux,
1174 2683 1294 2752 Oresti
1320 2688 1345 2749 et

44 2864 46 2869 ,
117 2787 357 2868 spectatoribus
373 2789 539 2871 regionem
562 2787 728 2856 describit.
764 2788 853 2854 idem
870 2788 902 2851 iu
919 2786 1103 2854 Philocteta
1118 2788 1242 2858 Ulixes
1259 2792 1343 2858 iacit:

330 2893 429 2982 Ἀκτη
454 2898 510 2982 μὲν
534 2897 591 2982 ἥδε
613 2907 668 2982 της
691 2894 873 2981 περιρρὺτου
897 2895 1015 2982 χθονὸς

330 2997 469 3086 Λήμνου,
494 2999 614 3086 βροτοῖς
637 3005 783 3079 ἄοιιπτος
806 2999 871 3065 οὐδ’
893 3000 1070 3089 οἰκουμένη.

119 3105 319 3184 Quamquam
341 3111 481 3186 utraque
504 3106 625 3188 fabula,
650 3109 678 3175 si
702 3110 832 3193 quidem
856 3117 947 3178 recte
969 3109 1246 3180 Wilamowitzius
1263 3115 1343 3181 Elec·

119 3220 204 3279 tram
238 3213 324 3278 inter
360 3213 560 3295 posteriores
595 3223 713 3299 poetae
749 3216 876 3285 fabulas
912 3217 1036 3298 retulit,
1072 3223 1187 3285 aetate
1215 3220 1344 3289 inferior

120 3328 171 3387 est
199 3321 372 3387 comoediis
401 3323 519 3401 allatis,
556 3325 671 3391 saltem
694 3325 850 3393 Nubibus.
899 3326 1004 3392 Unum
1030 3330 1138 3389 autern
1167 3329 1343 3412 exemplum

118 3428 199 3493 illud
230 3429 486 3510 quodiorsitan
516 3432 588 3514 quis
620 3431 769 3499 conferre
803 3433 883 3499 velit
915 3433 1012 3500 aliter
1036 3443 1268 3515 comparatum
1292 3439 1342 3503 est.

119 3536 199 3602 Dico
223 3536 422 3620 Aeschyleae
446 3538 631 3603 Promethei
654 3537 859 3619 principium,
884 3538 970 3619 quod
994 3535 1119 3620 Κράτος
1142 3539 1294 3619 profert:

332 3643 458 3721 Χθονὸς
483 3646 538 3730 μὲν
562 3646 603 3722 εἰς
626 3644 776 3731 τηλουρὸν
804 3645 919 3728 ἥκομεν
944 3642 1047 3723 πέδον,
1172 3683 1175 3687 -

334 3750 464 3838 Σκύθην
488 3752 519 3828 ἐς
544 3753 641 3836 οἶμον,
665 3751 795 3838 ἄβροτον
819 3753 861 3828 εἰς
885 3750 1024 3837 ἐρημίαν.

119 3859 202 3924 Nam
211 3858 299 3924 nulla
309 3876 523 3940 personarum
534 3857 698 3939 agentium
708 3859 769 3924 hoc
779 3858 849 3924 loco
860 3865 911 3925 est
921 3876 1004 3940 quae
1016 3860 1112 3938 egeat
1121 3857 1335 3938 explicatione

227 4076 275 4141 Ex
291 4076 486 4158 Antiphanis
508 4074 618 4141 fabula
641 4077 767 4142 incerta
784 4076 972 4142 Athenaeus
995 4075 1027 4140 ll
1050 4073 1121 4139 38h
1146 4073 1230 4141 hacc
1256 4075 1344 4142 affert
1372 4110 1374 4161 l

121 4183 195 4268 (frg.
220 4183 313 4270 235):

759 4292 886 4377 κρύψαι,
910 4290 1031 4372 Φειδία,

335 4401 459 4464 ἅπαντα
483 4399 584 4464 τᾶλλα
607 4422 651 4478 τις
676 4397 790 4464 δύναιτ’
812 4402 849 4464 ἂν
875 4399 956 4484 πλὴν
981 4399 1075 4478 δυοῖν,
