2910 4942
614 265 835 339 ...μοιι

298 468 378 536 καὶ
402 465 552 558 βούλομαι
576 453 673 552 τοῦθ’,
698 469 739 547 ὡς
763 471 800 535 ἂν
825 468 1044 555 ἐμμανέστατα
1135 452 1138 457 ’

324 580 403 665 ἐρῶν
427 601 481 661 τις,
505 580 541 643 οὐ
565 586 645 642 ποιῶ
669 576 736 656 del,

111 692 146 752 et
169 687 236 753 fort
222 692 311 753 tasse
335 684 555 768 fragmentum
579 684 660 750 340:
728 766 731 772 y
789 700 790 703 ’

180 879 182 883 y
223 876 230 884 ν
432 795 434 797 ’
652 792 690 856 ἐκ
712 791 847 876 Κύπρου
868 791 1019 877 λαμπρῶς
1043 792 1134 855 πάνυ

325 901 480 986 πράττων·
504 898 573 964 ἐκεῖ
592 903 654 986 γὰρ
677 898 737 963 ὑπό
761 896 816 963 τιν’
832 899 884 983 r'pu‘
901 905 962 962 τῶν
986 895 1149 984 βασιλέοιν.

111 1006 171 1074 Eri
195 1008 405 1090 querimoniis
424 1027 447 1079 e
470 1027 582 1074 somno
606 1005 767 1087 excitatus
788 1007 877 1079 ‚Geta
900 1024 1014 1072 servus
1039 1007 1233 1087 quamquam
1253 1003 1340 1071 timi·
1368 993 1371 997 ’

112 1115 172 1180 dus
196 1115 266 1197 ipse
291 1133 420 1198 quoque
444 1132 462 1180 e
484 1114 578 1179 domo
602 1109 767 1194 procedit:
802 1095 896 1175 ambo
920 1110 960 1175 de
984 1110 1105 1176 misera
1128 1109 1241 1176 militis
1264 1128 1339 1176 con·

220 1343 308 1398 ¹Hoc
333 1359 392 1398 cum
417 1343 478 1397 loco
504 1341 622 1397 fortasse
648 1356 681 1396 ea
707 1339 826 1395 conferri
844 1348 959 1411 possunt
978 1357 1048 1410 quae
1068 1358 1103 1397 ex
1121 1341 1222 1442 Naevii
1241 1342 1340 1397 Colace
1406 1367 1407 1372 ¹

111 1432 219 1490 Nonius
237 1433 355 1488 servavit
374 1431 509 1504 (Ribbeck
528 1450 551 1486 v.
571 1431 606 1486 30
624 1430 721 1503 sq.:)

871 1529 895 1578 et
912 1523 968 1577 colo

397 1587 525 1666 etuereor
543 1609 699 1680 etfacere
687 1628 715 1665 m
730 1591 851 1679 prolutus
869 1615 949 1666 eat.

112 1699 210 1771 Naevii
229 1699 315 1782 Colax
338 1713 419 1754 uersa
442 1703 484 1754 est
502 1715 537 1754 ex
555 1698 701 1773 Menandri
713 1700 845 1768 exemplo
865 1699 909 1753 cui
912 1647 1038 1754 idem·
1016 1714 1115 1754 nomeu
1133 1704 1200 1754 eret
1238 1698 1341 1753 Tamen

111 1791 165 1845 hac
178 1786 285 1858 quoque
299 1787 332 1842 in
350 1787 443 1842 fabula
455 1786 631 1843 Menandros
642 1789 755 1844 militem
773 1789 921 1862 gloriosum
933 1788 1069 1857 prodiisse
1088 1794 1116 1842 et
1129 1804 1164 1842 ex
1182 1786 1341 1857 fragmentis

113 1879 204 1934 elucet
222 1882 251 1932 et
262 1877 407 1932 Terentius
425 1869 587 1931 inEunucl'rl
605 1877 720 1947 prologo
739 1884 865 1934 testatur.
901 1878 933 1932 Id
952 1892 1060 1946 quoque
1078 1877 1193 1932 alicuius
1211 1879 1342 1932 momenti
1372 1911 1374 1914 <

113 1975 156 2024 est
180 1966 254 2037 quod
273 1967 330 2022 et
323 1984 351 2022 m
368 1967 521 2022 Misumeno
540 1968 594 2022 et
586 1984 614 2021 m
635 1967 734 2022 Colace
753 1968 831 2024 miles
849 1968 897 2023 ille
916 1983 950 2022 ex
969 1967 1058 2021 insule
1077 1967 1167 2037 (lypro
1187 1983 1217 2022 se
1236 1968 1342 2022 venisse

112 2041 187 2112 dicit
224 2055 355 2154 (lonferas
373 2072 433 2113 cum
452 2056 599 2111 Misumeni
614 2056 766 2163 fragmento
785 2057 838 2112 340
857 2057 964 2112 (lolucis
983 2055 1162 2125 fragmentum
1181 2057 1248 2112 297:

285 2145 291 2157 '
396 2146 463 2213 γελῶ
480 2142 512 2197 τὸ
531 2143 646 2224 πρὸς
617 2164 667 2198 τον
684 2143 810 2213 Κύπριον
828 2140 1015 2210 ἐννοούμενος,

112 2238 142 2286 et
159 2231 214 2286 300
227 2245 355 2300 quoque:
374 2230 441 2300 βοῦς
457 2221 589 2299 Κύπριος.
602 2261 637 2270 -
649 2230 774 2286 Adnecto
787 2230 868 2293 aliem
883 2246 955 2285 rem:
975 2231 1166 2286 Terentinum
1178 2230 1340 2285 Eunuchum

111 2320 226 2375 militem
252 2335 286 2375 ex
304 2319 449 2375 Menandri
469 2319 567 2375 Colace
592 2321 740 2375 transtulit.
778 2319 911 2376 Conferat
928 2319 1056 2374 Eunuchi
1074 2319 1182 2390 prologi
1200 2338 1225 2375 v.
1244 2320 1279 2374 30
1300 2334 1340 2388 sq.

111 2409 210 2478 Itaque
228 2422 263 2466 ex
275 2409 374 2465 Colace
393 2425 427 2465 ea
445 2425 553 2479 quoquo
572 2409 736 2479 deprompta
753 2417 816 2465 sunt
834 2426 905 2480 quae
923 2408 988 2464 inde
1007 2425 1024 2464 a
1042 2427 1065 2463 r.
1079 2409 1130 2463 771
1150 2409 1274 2478 legimus,
1293 2407 1342 2461 ubi

111 2499 191 2554 miles
213 2504 309 2555 contra
327 2498 459 2554 Thaidem
478 2515 539 2554 cum
556 2515 696 2555 servorum
716 2499 838 2554 exercitu
855 2497 1054 2568 proficiscitur:
1291 2491 1293 2494 ’

167 2587 292 2644 Huncine
309 2605 353 2659 epo
370 2595 402 2645 ut
418 2589 601 2646 coutumeliam
618 2595 673 2645 tum
690 2591 818 2660 iusr'gyuem
835 2590 865 2644 e'u
882 2606 922 2644 me
940 2588 1079 2659 acceptum,
1101 2579 1228 2644 GuutM?

167 2680 236 2733 meri
250 2694 292 2748 me
308 2681 409 2734 cuium.
424 2750 430 2761 ‚
446 2675 565 2748 Simulo,
584 2677 692 2748 Demere,
712 2678 823 2749 Syrisce,
841 2679 986 2748 sequimini.
1157 2686 1159 2691 ’

163 2761 281 2836 pmmum
299 2768 372 2824 aedes
389 2769 552 2838 expuncto.
571 2769 605 2808 -'-
623 2775 697 2825 reete.
716 2798 751 2808 -
769 2770 894 2838 virgiuum
912 2768 1030 2836 ermetem.
1051 2797 1085 2806 —
1099 2768 1189 2836 probe.
1444 2830 1446 2834 Α

115 2886 151 2897 -
169 2859 238 2913 νηοῖο
253 2859 373 2913 mulcabo
390 2861 484 2929 ν’μιονι.
498 2887 532 2898 -
541 2858 658 2927 pulchre.
673 2888 707 2900 ·-
720 2858 750 2913 iu
767 2859 881 2913 medium
898 2857 949 2911 hue
961 2873 1054 2927 agmeu
1070 2873 1129 2911 eum
1145 2857 1216 2926 oseti,
1230 2855 1350 2923 Douua3'

167 2952 204 3016 tu,
224 2946 341 3016 Nimim,
359 2947 389 3003 r‘u
407 2949 544 3027 simistrum
562 2964 684 3017 coruum3
696 2953 748 3017 »tus
760 2947 872 3018 Syrisce,
890 2949 921 3002 'iu
938 2935 1078 3003 demeum.
1178 2954 1180 2962 '

167 3036 227 3091 cede
243 3037 325 3091 uus.-
343 3037 391 3091 ubc‘
406 3038 546 3114 oeutum'out
564 3034 657 3115 Sempe
674 3026 698 3093 et
715 3038 868 3115 mampulus
881 3037 1002 3112 fucum?
1020 3066 1054 3079 —
1072 3053 1159 3091 eccum
1177 3036 1257 3093 adest.

113 3242 150 3255 -
167 3215 224 3269 ubi
240 3213 322 3271 alit?
339 3245 375 3256 —-
393 3217 448 3286 put
462 3216 581 3272 mulum
599 3216 679 3273 altr?
696 3217 784 3272 solus
803 3215 927 3272 Suuue‘o
945 3221 1054 3271 seruat
1072 3215 1156 3270 domi
1174 3222 1240 3283 etqs.
1279 3209 1281 3215 ’

113 3304 196 3360 Miles
223 3304 307 3374 igitur
332 3304 437 3361 iactans
465 3322 590 3376 magnum
616 3306 669 3362 sibi
695 3322 834 3362 servorum
859 3299 1001 3360 numerum
1030 3322 1090 3362 esse
1121 3305 1238 3360 simulat.
1284 3303 1344 3358 Hoc

114 3409 176 3448 cum
200 3393 261 3449 loco
288 3409 321 3450 ea
347 3402 500 3463 congruunt
525 3409 603 3463 guae,
620 3395 747 3465 leguntur
773 3395 845 3465 apud
870 3393 1107 3469 Cornificium-IV
1131 3394 1181 3447 50:
1209 3391 1247 3445 ibi
1273 3393 1344 3446 enim

113 3482 232 3544 hominis
254 3474 380 3553 gloriosi
391 3485 444 3539 hoo
463 3500 524 3539 esse
543 3484 656 3540 dicitur:
683 3503 744 3541 eum
756 3503 872 3555 pueram
888 3486 994 3554 respicit
1010 3485 1080 3538 laum
1097 3499 1189 3551 uuum,
1208 3498 1282 3552 quem
1300 3496 1345 3551 ego

112 3573 178 3628 moui
188 3602 223 3612 -
233 3588 279 3628 uos
290 3589 343 3628 uem
355 3575 470 3629 arbit-ror
482 3605 525 3644 -,
538 3575 589 3629 ulae
601 3575 706 3630 emmim
719 3576 841 3644 appellet,
860 3575 954 3630 aetum
967 3574 1021 3628 alm
1034 3579 1110 3642 atque
1118 3572 1181 3632 ulto.
1202 3570 1259 3640 „[ut
1270 3571 1352 3640 heus]

112 3663 171 3732 tu“,
188 3661 283 3732 inqut,
304 3665 385 3733 „aeut
403 3660 540 3734 Sancto,
558 3681 592 3720 ue
602 3666 666 3735 quid
677 3664 723 3721 esti
733 3665 844 3720 herbert
858 3665 976 3720 curteum
985 3682 995 3731 ,·
1012 3669 1041 3719 ut
1057 3662 1147 3732 guoti,
1165 3662 1212 3731 qut
1222 3661 1344 3728 audiunt,

113 3767 199 3806 uuum
207 3757 302 3821 puteat
313 3753 385 3822 aelim
400 3754 433 3810 de
443 3753 539 3810 melete.
572 3752 623 3823 (cf.
636 3753 768 3822 Ribbeck,
787 3755 892 3809 Alazon
910 3769 937 3823 p.
956 3752 991 3806 46
1008 3751 1078 3820 sq.).'
1106 3750 1172 3804 Cum
1190 3766 1246 3804 non
1263 3746 1344 3803 modo

114 3839 212 3895 similis
232 3855 277 3896 res
295 3847 430 3910 narretur,
458 3841 506 3897 sed
524 3858 624 3897 nomen
643 3859 752 3912 quoque
769 3844 844 3898 illius
864 3843 936 3902 servi
953 3842 1044 3910 unius,
1070 3839 1178 3909 Sannio,
1206 3843 1345 3907 congruet,

114 3929 183 3984 mihi
199 3929 259 3984 veri
277 3930 366 3987 simile
385 3929 493 3985 videtur
510 3931 590 3986 huius
609 3930 672 3985 libri
691 3937 833 4002 auctorem!
849 3932 878 3986 in
896 3929 1077 3985 describenda
1094 3927 1212 3982 hominis
1231 3925 1345 3995 gloriosi

114 4017 234 4089 imagine
249 4018 432 4074 Menandrees
451 4020 573 4089 inprimis
592 4019 699 4077 fabulas
717 4011 894 4077 ante'oculos
911 4020 1047 4075 habuisse.
1075 4015 1156 4086 Quod
1170 4016 1224 4071 alie
1236 4031 1346 4085 quoque

114 4123 147 4163 re
173 4107 291 4164 fumasse
308 4108 420 4178 probari
438 4114 538 4178 potest.
576 4108 732 4177 Insequenti
758 4108 828 4163 enim
854 4096 946 4177 capite
965 4107 1023 4178 (51)
1048 4106 1122 4162 aliud
1140 4105 1254 4160 affertur
1271 4104 1344 4159 unde
1446 4119 1449 4125 ’

115 4203 269 4254 ostentator
295 4199 422 4268 cognosci
441 4198 543 4268 possit:
573 4197 707 4277 Semurium
728 4212 811 4267 puero
835 4199 965 4267 negotium
987 4196 1102 4263 dederet,
1126 4202 1157 4251 ut
1182 4210 1249 4250 uaso
1273 4196 1346 4250 oesti-

114 4294 204 4344 mente
223 4302 322 4358 pueros
344 4293 454 4359 reparet.
480 4286 598 4344 scrutalus
621 4303 674 4343 uon
692 4289 841 4343 inurbanus
856 4288 924 4343 sotis
941 4293 1044 4342 strenue
1062 4290 1085 4341 et
1103 4286 1227 4340 commune
1244 4300 1346 4353 compe

114 4383 200 4433 rarat
224 4379 272 4434 iste
295 4379 406 4447 lwspitee
431 4379 537 4433 domum
562 4378 678 4445 deducat,
702 4380 740 4433 ait
764 4395 791 4433 se
816 4378 893 4433 cedes
917 4378 1048 4431 mocimus
1073 4374 1179 4430 cuidem
1204 4377 1287 4429 ammo
1310 4375 1347 4428 ad

114 4467 226 4536 nuptiae
245 4467 427 4524 commodasse.
452 4469 558 4523 uuute‘ut
571 4484 641 4537 puer
659 4473 796 4538 argeutum
817 4465 913 4536 repeti:
933 4467 1106 4536 pertimuerat
1127 4465 1195 4519 euim
1200 4464 1261 4567 μοι·
1280 4480 1346 4518 com·

113 4557 245 4614 enodaret.
266 4557 392 4628 „epuge“‚
418 4556 551 4628 iuquit„
554 4558 631 4660 aedes
648 4557 818 4633 eomumduoe',
833 4556 969 4627 familiam
987 4553 1067 4610 deut
1093 4549 1237 4621 eudemum
1257 4566 1363 4615 uroque

1255 4649 1283 4698 ‘s
