2910 4942
582 142 779 258 ..9'..

65 390 153 458 illius
177 390 279 472 ipsius
295 391 396 456 verba
421 388 607 454 audiuntur.
642 388 755 455 Utitur
779 394 887 455 autem
904 389 1072 471 Trygaeus
1096 387 1293 471 anapaestis.

65 496 157 574 Quae
181 494 265 583 ratio
289 494 367 577 quin
392 494 563 575 desumpta
587 494 630 558 sit
655 512 692 559 ex
716 495 888 576 tragoedia
911 495 998 561 nullo
1022 495 1117 562 modo
1142 495 1294 564 dubitare

64 606 200 690 poterit,
225 605 280 688 qui
305 606 401 687 plane
425 604 594 685 aequalem
611 602 746 668 Medeae
770 603 874 669 locum
900 603 1019 686 legerit
1042 604 1116 670 inde
1142 623 1161 670 a
1185 624 1214 669 ν.
1240 603 1294 669 96.

65 711 192 778 Deinde
216 730 331 779 servus
356 717 393 778 ut
415 709 579 778 dominum
598 711 730 776 avolare
754 716 983 790 separantem
1012 709 1154 777 retineat
1177 707 1294 775 filiolas

66 819 212 886 advocat.
262 817 309 886 Cf.
334 838 362 884 ν.
390 818 452 883 111
477 837 546 900 sq.:
976 888 977 892 ,

237 992 239 995 ,
281 926 306 990 ὧ
329 923 433 1007 παιδί’,
457 924 474 988 ὁ
497 928 601 1010 πατὴρ
625 923 789 988 ἀπολιπὼν
813 921 985 1010 ἀπέρχεται

279 1033 359 1117 ὑμᾶς
382 1033 515 1118 ἐρήμους
538 1033 580 1108 εἰς
604 1032 656 1095 τὸν
680 1031 811 1115 οὐρανὸν
835 1029 953 1115 λάθρᾳ.

280 1139 351 1205 ἀλλ’
373 1139 562 1226 ἀντιβολεῖτε
585 1140 637 1202 τὸν
662 1136 778 1222 πατέρ’,
804 1137 829 1201 ὦ
852 1136 1079 1220 κακοδαίμονα.

65 1246 170 1314 Simili
208 1249 302 1314 modo
340 1247 373 1312 in
408 1247 642 1313 vetustioribus
681 1247 818 1311 maxime
850 1245 1017 1327 Euripidis
1047 1245 1168 1315 fabulis
1198 1247 1294 1315 liberi

66 1358 124 1419 ant
156 1351 189 1417 iu
222 1370 371 1418 scaenam
404 1352 631 1433 producuntur
666 1351 759 1436 (Alc,
793 1351 878 1417 Med.
915 1352 1029 1436 aliae),
1066 1360 1123 1419 aut
1158 1353 1294 1421 alicuius

65 1462 184 1529 saltem
216 1461 370 1526 momenti
401 1460 441 1525 ad
474 1479 544 1527 rem
580 1465 656 1526 sunt
689 1458 799 1542 (Hipp.
824 1457 890 1522 304
914 1456 988 1542 sp).
1024 1497 1067 1506 -
1100 1461 1132 1527 Is
1166 1481 1294 1544 quoquc
1351 1534 1354 1539 ,

64 1568 159 1635 Pacis
190 1568 280 1634 locus
311 1568 366 1650 qui
389 1566 539 1649 sequitur
564 1565 642 1651 (124
666 1564 729 1650 sq.)
761 1563 803 1630 ad
827 1564 1018 1643 tragoediae
1041 1586 1187 1633 normam
1211 1587 1295 1634 com·

64 1674 193 1757 positus
217 1681 277 1741 est.
325 1674 535 1756 spectatores
559 1693 598 1740 eo
622 1673 716 1738 modo
742 1673 781 1738 de
805 1675 903 1738 rebus
929 1674 970 1739 ad
994 1681 1221 1755 argumentum
1244 1677 1295 1742 in·

64 1782 285 1865 tellegendum
309 1781 502 1848 necessariis
527 1781 686 1848 certiores
709 1778 800 1859 fiunt,
825 1788 862 1845 ut
885 1780 992 1847 altera
1008 1799 1138 1863 semper
1153 1801 1295 1864 persona

63 1890 260 1972 interroget,
285 1888 391 1955 altera
414 1889 629 1970 respondeat;
658 1887 806 1970 singulae
831 1894 939 1954 autem
963 1907 1124 1971 personae
1148 1888 1295 1971 singulos

64 1995 201 2064 binosve
223 2013 339 2062 versus
363 1994 586 2077 pronuntiant.
626 1993 718 2075 Quod
735 2012 837 2075 genus
853 1995 886 2060 in
903 1994 1068 2061 comoedia
1083 1994 1146 2062 nisi
1161 1997 1295 2062 ludendi
1381 2072 1384 2078 ¹

66 2123 167 2172 causa
190 2105 384 2184 usurpatum
418 2118 494 2165 raro
523 2098 677 2176 invenies,
713 2116 812 2180 saepe
846 2097 878 2162 in
912 2098 1094 2180 tragoedia.
1141 2101 1189 2168 Cf.
1214 2103 1293 2168 Eur.

65 2211 164 2294 Hipp.
194 2209 237 2275 88
260 2227 308 2290 sq.
345 2207 409 2272 311
442 2225 491 2288 sq.
524 2204 599 2270 alia.
635 2241 677 2251 -
714 2205 883 2270 Postremo
916 2207 1214 2274 commemorandus
1244 2213 1296 2274 est

64 2317 221 2400 Equitum
248 2314 347 2380 locus.
395 2314 466 2379 Duo
502 2312 588 2378 servi
620 2311 667 2378 illi
698 2311 754 2394 qui
786 2310 883 2394 primi
914 2310 947 2377 in
979 2332 1130 2381 scaenam
1162 2314 1296 2382 veniunt

64 2430 191 2491 tantam
220 2422 253 2487 in
275 2420 441 2488 miseriam
465 2420 622 2486 adductos
638 2437 674 2486 se
698 2439 773 2487 esse
797 2419 932 2502 fingunt,
958 2430 995 2489 ut
1017 2422 1059 2489 ad
1083 2424 1161 2490 deos
1185 2424 1295 2491 conlu-

66 2547 146 2613 gere
169 2526 273 2594 coacti
297 2523 371 2591 sint.
420 2527 527 2608 legas
550 2545 579 2590 ν.
604 2525 648 2590 30
673 2533 706 2593 et
729 2536 939 2610 sequentem:

279 2634 553 2718 spectacuculum
577 2641 637 2698 τῶν
662 2634 823 2720 παρόντων
848 2636 911 2700 ἐστὶ
934 2643 1005 2721 νῷν,

279 2741 364 2806 θεῶν
388 2740 468 2805 ἰόντε
491 2751 678 2825 προσπεσεῖν
702 2763 756 2806 του
780 2744 857 2827 πρὸς
881 2740 999 2828 βρέτας.

66 2850 137 2929 Quo
168 2847 302 2914 consilio
335 2866 450 2915 rursus
483 2847 610 2915 abiecto
644 2849 725 2914 nihil
754 2851 817 2916 iam
849 2849 1044 2930 relinquitur
1080 2849 1142 2916 nisi
1177 2857 1214 2916 ut
1240 2870 1295 2916 vo·

64 2954 241 3022 luntariam
272 2959 410 3020 mortem
441 2954 503 3020 sibi
531 2955 742 3021 consciscant.
802 2957 891 3035 Quae
927 2954 1070 3022 condicio
1105 2957 1295 3037 tragoediae

65 3059 202 3144 propria
233 3063 294 3123 est.
341 3057 488 3140 Exempli
521 3058 629 3141 gratia
659 3057 760 3126 affero
784 3060 953 3143 Euripidis
983 3081 1129 3129 —nam
1162 3064 1215 3130 hic
1246 3065 1295 3129 in·

65 3165 180 3250 primis
204 3164 284 3231 talia
307 3164 340 3229 in
365 3164 490 3232 deliciis
514 3166 723 3233 habebat-
747 3169 1016 3250 Andromacham,
1049 3169 1139 3235 cuius
1164 3169 1294 3237 fabulae

64 3274 100 3341 iu
129 3273 263 3341 exordio
288 3271 409 3339 ›naulier
439 3272 496 3339 illa
519 3274 658 3355 supplex
681 3275 714 3340 in
738 3275 887 3342 Thetidis
912 3275 1049 3342 delubro
1072 3277 1190 3343 sedens
1214 3277 1295 3343 haec

65 3379 196 3464 profert
219 3378 261 3465 (ν.
289 3379 380 3462 113);

218 3489 297 3573 ὤμοι
319 3488 381 3575 ἐγὼ
405 3487 513 3574 μελέα,
537 3489 565 3553 τί
589 3486 620 3574 μ’
642 3489 738 3576 ἐχρῆν
762 3490 807 3553 ἔτι
830 3487 943 3575 φέγγος
965 3488 1143 3573 ὁροῖσθαι;1

174 3655 183 3688 ¹
202 3652 257 3709 Sed
275 3669 376 3723 operae
394 3655 516 3722 pretium·
532 3670 592 3710 essa
611 3655 719 3712 videtur
737 3658 892 3714 accuratius
911 3658 939 3712 in
958 3657 1089 3726 Equitum
1107 3659 1199 3713 locum
1217 3657 1294 3711 illum

65 3742 212 3811 inquirere.
251 3739 320 3796 lude
338 3756 355 3794 a
372 3758 396 3796 ν.
416 3740 451 3795 80
469 3742 537 3797 haec
555 3742 685 3812 legimus:

298 3825 443 3896 κράτιστον
460 3818 511 3883 οὖν
527 3828 765 3903 νῷν,,οἷποθανεῖι·.
784 3865 818 3872 -
836 3831 904 3887 α’λλά
924 3833 1027 3900 σκόπει,

300 3909 375 3977 ὅπως
395 3910 429 3969 civ
448 3914 636 3985 ω’·ποθοὶνωμεν
655 3916 853 3988 ἀνδρικώτατα.

249 4032 283 4041 -
300 4002 358 4062 πῶς
375 4002 445 4069 δῆτα
463 4004 530 4072 recisi
537 4001 634 4070 γένοιτ’
653 3997 688 4057 civ
706 4000 912 4071 dvdptaoirocou

297 4080 436 4160 βέλτιστον
453 4085 518 4159 ἡμῖν
536 4087 604 4157 αἷμα
621 4090 749 4158 ταύρειον
767 4095 845 4144 πιεῖν.

299 4170 314 4228 ὁ
337 4173 549 4240 Θεμιστοκλέους
567 4174 619 4243 γὰρ
637 4176 763 4237 θάνατος
781 4173 965 4242 αἱρετώτερος.
1014 4214 1015 4218 ,

64 4260 109 4316 Ad
127 4279 152 4320 r.
169 4260 205 4316 84
224 4277 285 4316 oum
302 4262 388 4316 multa
405 4261 460 4316 alia
478 4267 535 4316 tum
560 4262 613 4316 hoc
631 4262 789 4318 adnotatum
809 4267 864 4316 est:
886 4255 939 4311 ἔστι
958 4258 1024 4326 γοῦν
1044 4254 1098 4310 ἀπὸ
1119 4257 1294 4325 Σοφοκλέους

69 4345 174 4418 Elisos
192 4349 301 4422 (Nauck
320 4350 370 4421 frg.
390 4351 464 4424 663)-

299 4433 359 4505 ἐμοὶ
377 4433 407 4491 δὲ
424 4439 527 4512 λῷστον
545 4436 613 4508 αἷμα
631 4439 759 4507 ταύρειον
777 4445 850 4494 πιεῖν

297 4521 344 4574 καλ
361 4523 379 4591 †
395 4540 432 4590 μη
450 4540 478 4590 γε
497 4523 579 4576 πλείω
596 4524 675 4576 τῶνδ’
694 4520 762 4591 ἔχειν
779 4523 962 4592 δυσφημίας.-
