2910 4942
580 239 800 309 ..63...

69 430 164 501 inter
181 433 432 519 Aristophanem
457 443 491 504 et
513 438 652 521 Eupoliu
679 439 720 505 de
743 438 916 520 Equitibus
940 439 1060 508 fabula.
1108 437 1178 520 Qua
1202 440 1242 509 de
1265 458 1302 509 re

67 544 241 625 sagaciter
264 544 419 613 disseruit
442 547 475 611 in
491 546 633 613 Hermae
649 549 711 613 vol.
728 547 807 613 XIlI
824 545 1053 628 Kirchhoffius,
1079 566 1177 628 aquo
1193 554 1302 616 tamen

69 650 240 717 nonnullis
263 650 297 716 in
318 649 418 718 rebus
442 650 608 718 dissentio.

473 917 900 926 ——-—-—.—-—

527 1161 800 1246 cernicinum
829 1163 847 1246 I

614 1322 650 1378 ad
667 1340 695 1393 p.
714 1324 759 1380 12.

182 1500 310 1586 Operae
339 1503 481 1585 pretium
512 1508 563 1569 est
592 1501 778 1569 accuratius
809 1521 971 1583 quaerere
999 1505 1158 1585 quomodo
1181 1506 1300 1589 singuli

69 1614 192 1691 poetae
214 1616 418 1692 spectatores
443 1610 483 1675 de
507 1609 606 1676 choro
623 1609 781 1676 certiores
801 1608 951 1677 feceriut.
999 1615 1106 1692 Atque
1125 1611 1300 1689 Aeschylus

71 1714 203 1797 quidem
225 1718 326 1785 variis
349 1717 453 1784 modis
477 1736 555 1783 usus
578 1716 612 1782 in
635 1718 829 1784 Prometheo
855 1718 935 1804 (114
962 1722 1024 1800 sq.)
1048 1729 1082 1787 et
1098 1718 1300 1804 Choephoris

70 1822 132 1907 (10
152 1821 215 1907 sq.)
244 1840 314 1888 rem
345 1823 392 1889 sic
421 1820 573 1901 instituit,
608 1828 644 1886 ut
676 1840 714 1885 ea
737 1839 879 1902 persona
902 1839 985 1901 quae
1009 1822 1043 1887 in
1066 1843 1183 1891 scaeua
1206 1825 1301 1892 adest

72 1930 115 1997 de
139 1928 237 1998 choro
261 1930 545 2014 appropinquante
568 1931 722 1996 nonnulla
737 1928 839 1996 verba
858 1929 965 1995 iaciat.
1012 1931 1050 1996 In
1066 1930 1300 2000 Eumenidibus

74 2036 228 2104 sacerdos
253 2056 271 2103 e
295 2054 389 2103 sacro
419 2036 571 2118 prodiens
605 2035 696 2101 chori
730 2024 870 2118 speciem
894 2036 1066 2119 describit3
1101 2040 1301 2122 paulopost

71 2143 137 2226 ipsi
167 2149 371 2226 spectatores
404 2163 476 2210 eum
505 2141 717 2225 conspiciunt.
774 2144 865 2209 Alius
898 2144 1028 2226 generis
1060 2152 1138 2212 sunt
1170 2154 1300 2214 ceterae

72 2257 229 2330 quattuor
253 2250 399 2318 fabulae:
424 2250 456 2316 in
478 2253 610 2334 Septem
634 2259 668 2317 et
691 2254 932 2332 Agamemnone
956 2253 1047 2320 chori
1069 2253 1158 2319 nulla
1179 2254 1300 2320 mentio

70 2358 121 2439 fit,
152 2362 258 2442 quoad
290 2362 361 2444 ipse
394 2379 544 2428 scaenam
577 2359 765 2443 ingrediens
799 2361 904 2449 qualis
937 2359 981 2426 sit
1012 2360 1153 2442 exponit.
1208 2361 1299 2427 Idem

71 2466 190 2532 cadere
223 2472 361 2550 apparet
393 2467 426 2531 in
449 2465 619 2548 Supplices
652 2471 685 2533 et
715 2468 845 2550 Persas,
880 2487 963 2549 quae
997 2467 1036 2533 ab
1069 2468 1141 2551 ipsa
1173 2469 1297 2551 parodo

70 2570 199 2639 initium
231 2573 371 2656 capiant.
418 2575 508 2653 Quae
536 2575 621 2640 ratio
653 2575 687 2640 in
717 2573 955 2656 posterioribus
985 2573 1104 2641 fabulis
1135 2575 1205 2641 sola
1228 2576 1298 2643 lere

70 2681 262 2747 usuvenit:
286 2680 334 2746 sic
355 2679 388 2744 iu
413 2680 582 2763 Sophoclis
605 2680 724 2747 fabulis
748 2683 899 2765 quinque,
930 2682 1006 2747 Ant.
1030 2681 1080 2746 Ai.
1107 2683 1223 2748 Trach.
1247 2684 1298 2749 El.

70 2785 167 2869 Phil.,·
191 2787 246 2853 ubi
268 2807 310 2854 ne
332 2785 432 2853 verbo
456 2786 585 2868 quidem
610 2786 727 2854 chorus
744 2793 821 2854 aute
837 2787 996 2870 parodum
1017 2796 1297 2857 commemoratur.

70 2894 167 2961 Solae
196 2893 257 2962 hac
281 2893 322 2961 ab
354 2895 470 2978 regula
502 2894 672 2960 discedunt
697 2894 780 2960 duae
805 2892 922 2976 Oedipi
945 2892 1084 2960 fabulae.
1131 2898 1169 2963 In
1193 2898 1299 2964 altera

71 3001 216 3083 Oedipus
240 3001 331 3088 (144)
356 3000 537 3068 contionem
561 3018 737 3067 convocare
761 2999 870 3080 iubet;
896 3000 1062 3067 convocati
1086 3021 1180 3068 senes
1199 3005 1297 3085 paulo

70 3114 147 3192 post
169 3110 297 3176 adsunt.
345 3109 382 3175 Iu
407 3109 547 3178 Goloueo
571 3114 680 3173 autem
703 3108 758 3190 (78
779 3109 842 3191 sq.)
866 3106 950 3186 ξένος
974 3107 1028 3174 ille
1052 3127 1197 3191 paganos
1221 3130 1297 3177 suos

70 3217 306 3285 arcessiturum
335 3235 371 3282 se
395 3235 468 3282 esse
490 3215 692 3298 pronuntiat,
721 3216 770 3282 ita
794 3221 831 3282 ut
859 3222 1063 3299 spectatores
1087 3214 1221 3284 chorum
1244 3237 1297 3284 ac-

70 3322 345 3393 cedentemsatis
367 3326 527 3392 noverint.
559 3362 602 3373 —
635 3325 797 3391 Accurate
828 3331 937 3390 autem
961 3324 1003 3390 ad
1026 3342 1173 3389 normam
1197 3343 1297 3406 quan·

70 3430 144 3498 dam
176 3431 313 3515 singulis
337 3430 500 3499 aetatibus
523 3430 607 3497 hanc
630 3450 698 3498 rem
728 3431 921 3511 exaequavit
944 3430 1129 3512 Euripides.
1175 3431 1296 3497 Novem

71 3537 155 3603 enim
177 3536 212 3602 in
234 3534 364 3618 fabulis,
389 3556 472 3618 quae
496 3550 606 3604 omnes
631 3545 707 3604 ante
731 3557 848 3604 annum
874 3537 937 3602 411
962 3536 1032 3603 iere
1052 3543 1145 3605 actae
1161 3543 1237 3604 sunt
1253 3572 1296 3585 -

70 3644 142 3711 dico
165 3645 234 3711 Alc.
263 3645 347 3711 Med.
375 3646 472 3727 Hipp.
498 3644 576 3709 Hec.
601 3644 697 3708 Herc.
723 3642 823 3708 Andr.
847 3642 920 3708 Jon.
944 3641 993 3709 Et.
1017 3642 1091 3708 Hel.
1123 3677 1167 3688 -
1196 3642 1294 3724 plane

70 3757 107 3819 ut
129 3750 162 3816 in
187 3752 372 3836 Aeschyleis
397 3756 562 3831 quattuor,
591 3746 779 3829 Sophocleis
803 3749 943 3830 quinque
959 3747 1005 3828 fit,
1034 3756 1238 3832 spectatores
1255 3751 1295 3817 de

69 3856 168 3925 choro
192 3878 327 3941 prorsus
351 3860 432 3927 nihil
456 3861 573 3941 sciunt,
598 3860 699 3925 donec
722 3858 792 3942 ipse
808 3859 902 3925 adest
918 3857 1059 3940 quidque
1076 3857 1155 3923 velit
1170 3864 1295 3926 narrat.

69 3964 203 4033 Accedit
224 3967 294 4051 Iph.
320 3968 403 4050 Aul,
428 3986 523 4049 quam
552 3973 590 4033 ut
613 3973 688 4050 post
719 3973 836 4048 poetae
870 3971 1006 4032 mortem
1038 3966 1166 4031 demum
1189 3971 1295 4031 actam

68 4090 143 4141 esse
174 4080 311 4155 constet,
344 4075 392 4141 ita
424 4076 463 4141 de
486 4081 634 4158 tempore
665 4094 727 4156 quo
751 4073 875 4156 scripta
907 4074 951 4143 sit
982 4071 1063 4137 nihil
1095 4079 1294 4154 compertum

67 4178 235 4247 habemus.
281 4181 381 4246 Plane
404 4180 438 4244 in
461 4180 662 4246 contrarium
686 4198 739 4245 res
763 4196 860 4244 versa
884 4186 935 4244 est
956 4175 990 4241 in
1011 4176 1158 4244 omnibus
1175 4177 1295 4245 ceteris

67 4285 188 4353 fabulis
218 4292 293 4370 post
317 4306 435 4354 annum
459 4288 522 4352 411
548 4287 640 4354 actis.
688 4287 769 4353 Sunt
794 4286 864 4368 Iph.
890 4285 925 4350 T.
950 4283 1072 4350 Phoen.
1097 4284 1152 4350 Or.
1178 4283 1293 4351 Bacch.

67 4390 118 4459 Ibi
150 4394 234 4462 enim
266 4413 396 4477 semper
429 4414 468 4461 ea
499 4412 642 4477 persona
674 4413 757 4475 quae
789 4395 823 4459 in
847 4412 964 4460 scaena
987 4393 1056 4476 agit
1079 4398 1138 4458 aut
1161 4390 1294 4457 chorum

66 4502 164 4583 paulo
192 4509 267 4584 post
296 4503 511 4568 adventurum
542 4520 615 4569 esse
644 4500 806 4584 praedicit
835 4507 869 4567 et
897 4499 1014 4582 quibus
1044 4519 1084 4565 ex
1107 4495 1293 4565 hominibus
