2910 4942
679 245 901 308 ..16-

176 441 287 524 aliqua
319 461 404 524 quae
426 442 459 506 in
493 441 567 524 ipsa
589 440 700 507 fabula
732 461 795 507 non
830 439 1052 523 progreditur.
1099 440 1215 506 Priore
1241 444 1362 505 autem
1383 439 1413 504 in

176 567 296 630 genere
321 548 583 630 distinguendum
608 556 661 615 est
692 549 778 614 iuter
802 567 857 614 eas
882 548 1009 614 fabulas
1040 547 1073 612 in
1105 548 1221 630 quibus
1247 545 1413 628 expositio

176 676 237 738 per
260 653 440 724 diverbium
464 655 511 736 fit,
534 656 583 722 ita
606 662 643 722 ut
667 655 864 722 alteralteri
881 674 949 721 rem
966 662 1091 734 narret,
1116 661 1150 721 et
1165 674 1221 721 eas
1238 654 1273 727 in
1291 655 1412 736 quibus

175 782 317 846 persona
339 764 395 830 illa
419 783 502 847 quae
524 766 631 847 prima
659 764 692 829 in
716 782 866 830 scaenam
891 763 1039 846 procedit
1065 760 1106 828 ab
1133 769 1336 844 argumento
1362 781 1412 828 er·

175 871 323 952 ponendo
347 871 485 937 orditur.
533 869 625 947 Quod
658 873 699 938 ad
732 891 834 954 genus
862 890 986 955 paucae
1019 889 1147 952 quoque
1174 869 1251 935 illae
1274 868 1412 935 fabulae

175 996 278 1059 prope
307 978 466 1044 accedunt
495 976 528 1040 in
563 975 680 1058 quibus
704 978 801 1043 alteri
824 978 875 1044 vel
898 978 1019 1045 tertiae
1042 996 1180 1045 scaenae
1204 979 1266 1044 hoc
1291 997 1412 1045 munus

175 1093 373 1152 reservatur.
399 1085 684 1151 -Transeamus
717 1100 812 1148 nunc·
834 1083 876 1148 ad
910 1101 949 1148 ea
981 1086 1128 1167 exempla
1159 1105 1244 1168 quae
1277 1085 1413 1151 initium

175 1192 308 1274 capiunt
331 1212 370 1258 er
393 1190 539 1258 diverbio
564 1208 627 1272 quo
650 1195 855 1271 spectatores
880 1190 956 1272 quid
981 1193 1030 1257 rei
1054 1193 1097 1258 sit
1113 1200 1326 1274 cognoscant.
1371 1193 1414 1260 Ut

175 1305 283 1366 autem
308 1306 432 1366 certum
456 1298 702 1365 fundamentum
725 1298 879 1364 iaciamus
913 1295 954 1362 ab
978 1299 1018 1365 iis
1042 1300 1122 1366 utile
1145 1300 1209 1366 erit
1233 1300 1414 1366 Menandri

175 1407 349 1473 conroediis
379 1407 481 1474 ordiri
505 1427 585 1490 quas
610 1426 648 1472 ex
665 1407 819 1473 Terentio
843 1406 998 1472 norimus.
1034 1407 1096 1472 Hic
1119 1413 1228 1473 autem
1250 1414 1415 1489 quattuor

174 1514 207 1578 in
223 1513 343 1580 fabulis
359 1514 531 1581 Menandri
552 1513 691 1595 vestigia
706 1514 837 1595 pressit,
863 1514 895 1577 in
918 1513 1041 1580 Andria
1057 1514 1413 1582 Hautontimorumeno

173 1621 329 1687 Eunucho
360 1622 527 1704 Adelphis.
575 1620 731 1686 Andriam
763 1627 798 1686 et
825 1618 991 1703 Adelphos
1025 1640 1108 1687 nuuc
1142 1623 1199 1687 mit
1200 1629 1327 1688 t.amus
1376 1624 1413 1689 In

175 1728 329 1794 Hautont
307 1734 520 1794 timorumeno
552 1728 712 1810 expositio
745 1728 792 1794 ita
823 1728 954 1794 institut
955 1748 974 1792 a
998 1736 1058 1809 es
1092 1729 1370 1797 Menedemus
1395 1750 1414 1796 a

174 1834 348 1901 Chremete
370 1842 506 1917 rogatus
530 1854 570 1901 ea
593 1833 710 1918 quibus
734 1835 776 1900 ad
799 1835 1053 1917 intellegendam
1074 1855 1143 1901 rem
1160 1855 1241 1919 opus
1262 1845 1320 1904 est
1335 1857 1412 1903 nar·

173 1948 235 2008 ret.
282 1943 320 2008 In
337 1942 492 2008 Eunucho
510 1943 609 2009 Thais
633 1943 816 2010 Phaedriae
840 1943 873 2009 id
897 1942 1115 2025 exponitque
1139 1942 1251 2010 fabula
1275 1945 1411 2012 nititur.

174 2049 364 2116 Terentium
394 2056 504 2116 autem
534 2050 566 2114 in
597 2050 827 2133 componendis
856 2051 906 2116 his
929 2049 1030 2116 initiis
1055 2056 1207 2116 accurate
1231 2053 1412 2119 Menandri

173 2158 312 2238 vestigia
345 2164 490 2224 secutum
514 2177 587 2224 esse
611 2177 674 2224 non
698 2158 791 2225 modo
823 2157 1036 2240 colligendum
1061 2164 1122 2237 est,
1155 2158 1241 2240 quod
1273 2161 1411 2242 quidem

173 2264 215 2330 ad
239 2263 431 2330 Eunuchum
454 2264 583 2346 attinet,
608 2284 646 2330 ex
663 2265 782 2330 Donati
805 2264 866 2330 hac
893 2264 934 2330 de
950 2282 988 2330 re
1011 2264 1149 2344 silentio,
1175 2267 1229 2348 qui
1254 2269 1411 2349 quotiens

174 2372 348 2440 Terentius
372 2390 392 2436 a
416 2370 541 2437 Graeco
565 2371 744 2454 exemplari
767 2373 892 2438 recedit
917 2372 1075 2439 adnotare
1099 2373 1191 2453 solet,
1221 2374 1280 2440 sed
1307 2377 1411 2441 etiarn

174 2496 213 2543 ex
230 2476 449 2558 compluribus
465 2477 669 2561 fragmentis,
695 2498 778 2561 quae
802 2485 860 2545 aut
875 2481 1023 2545 Donatus
1039 2488 1097 2548 aut
1116 2481 1171 2547 alii
1188 2501 1206 2547 e
1222 2482 1412 2550 Menandro

173 2582 314 2650 afferunt
359 2585 447 2652 Haec
467 2587 551 2652 enim
568 2589 610 2652 ad
627 2587 762 2655 verbum
785 2589 887 2656 ferme
912 2606 982 2656 cum
1007 2589 1087 2655 locis
1104 2589 1315 2656 'lerentianis
1335 2611 1412 2658 con·

173 2692 328 2759 sentiunt.
375 2693 482 2775 Legae
506 2693 677 2761 Menandri
701 2697 886 2778 fragmenta
913 2697 976 2762 140
1006 2704 1040 2763 et
1064 2697 1126 2761 141
1160 2716 1198 2762 ex
1228 2697 1412 2766 Hautonti-

173 2818 369 2880 morumeno,
393 2801 578 2884 fragmenta
602 2805 677 2882 186,
703 2807 766 2871 187
792 2826 831 2872 ex
847 2805 1014 2888 Eunucho,
1040 2805 1157 2887 quihus
1178 2804 1281 2870 addas
1300 2805 1413 2872 Persii

173 2914 233 2974 sat.
259 2908 296 2973 V.
323 2928 351 2974 v.
379 2910 439 2974 161
465 2929 513 2992 sq.
538 2947 581 2958 -
606 2910 670 2977 Sed
694 2911 775 2978 alias
807 2931 935 2994 quoqne
959 2913 1173 2980 Menandrum
1197 2911 1257 2977 hoc
1282 2932 1414 2995 genere

172 3033 266 3081 usum
282 3034 355 3082 esse
379 3022 492 3099 utper
515 3020 635 3089 severi
659 3020 840 3086 similet
789 3028 840 3086 est
864 3019 910 3086 sic
934 3020 1036 3086 exiis
1060 3019 1200 3087 efficitur
1217 3039 1306 3103 quae
1324 3022 1413 3088 Her-

172 3141 325 3204 magenes
357 3123 438 3189 de
429 3130 550 3191 invent.
598 3125 706 3212 (Rhet
683 3125 789 3192 t.Gr
816 3127 864 3192 ed.
890 3125 999 3207 Speng
981 3125 1031 3191 ‘rel
1055 3127 1096 3192 ΙΙ.
1131 3146 1162 3208 p.
1188 3125 1263 3205 256,
1297 3128 1335 3209 6)
1373 3149 1415 3195 er

169 3227 343 3296 Menandri
366 3229 477 3298 fabula
500 3233 683 3314 aliquast
653 3233 746 3299 ttulit
732 3233 847 3317 (tf.rg
873 3232 968 3314 558):

334 3385 785 3402 .........
812 3339 978 3403 Διονυσίων
1003 3335 1095 3426 (pir)
1119 3340 1158 3424 ἡν

332 3444 443 3530 πομπή
501 3493 1121 3510 ............

211 3634 213 3638 Ι
331 3573 348 3615 ο
371 3551 405 3614 δε
429 3549 460 3636 μ’
482 3552 701 3638 ἠκολούθησεν
726 3551 817 3637 μέχρι
840 3565 893 3617 τοῦ
918 3556 994 3639 πρὸς
1018 3558 1074 3640 τὴν
1099 3553 1210 3649 θύραν.

331 3661 439 3723 ἔπειτα
462 3668 576 3745 φοιτῶν
600 3659 654 3720 καὶ
679 3657 864 3724 κολακεύων
889 3707 1121 3725 .....
1125 3730 1129 3738 ,

331 3768 386 3850 τὴν
411 3763 516 3851 μητέρ’
538 3767 618 3850 ἔγνω
643 3763 706 3849 μ’
675 3813 1121 3832 .........

172 3868 261 3946 Quae
286 3889 368 3950 cum,
392 3878 429 3937 ut
444 3871 625 3938 Meinehius
650 3873 718 3958 (IV.
736 3893 766 3955 p.
790 3874 866 3956 243)
892 3878 1026 3958 notavit,
1051 3879 1201 3943 aPlauto
1222 3876 1307 3943 Oist.
1329 3880 1356 3960 l,
1387 3882 1416 3962 1,

171 3975 214 4040 88
238 3997 284 4060 sq.
311 3979 474 4063 (Ussing):

327 4134 333 4148 .
380 4135 386 4147 .
432 4139 439 4164 ,
488 4135 766 4151 ......
807 4111 863 4167 per
886 4094 1033 4168 Dionysio

326 4204 417 4258 muter
434 4217 571 4275 pomponi
592 4217 636 4258 cuc
658 4205 815 4272 spectatum
837 4202 928 4259 dcccii.
954 4201 1024 4258 cium
1045 4201 1131 4260 redeo
1154 4201 1282 4270 donnum,

325 4307 491 4378 conspicillo
513 4312 691 4366 consecutust
713 4309 876 4367 clanculum
898 4325 942 4367 nuc
964 4327 1055 4381 ccsqccc
1078 4309 1119 4367 ud
1133 4309 1238 4384 force,-

327 4415 394 4473 indc
417 4417 450 4473 in
472 4417 630 4475 omicidium
652 4418 813 4475 insinuavit
835 4435 900 4475 cuni
921 4420 1013 4475 notre
1035 4421 1062 4475 ci
1083 4434 1192 4476 mecum
1214 4417 1312 4479 simul

326 4521 477 4582 blanditiis
500 4523 666 4583 inuncribus
696 4525 781 4584 olonis
