2910 4942
612 181 835 263 ..ngr

107 411 191 480 quae
207 401 284 462 sunt
298 391 477 477 Euripides
492 412 532 459 ex
547 376 664 460 Medea
680 393 874 476 deprompta
888 391 909 457 ¹.
930 426 969 440 -
987 388 1055 459 Sed
1071 384 1208 459 talibus
1225 403 1349 474 quoque

107 503 187 569 locis
224 501 341 585 quibus
362 489 611 588 ’προλογίζοντες
648 501 697 566 illi
734 500 880 567 homiues
916 499 1033 565 omnia
1060 499 1106 566 ad
1146 503 1348 581 spectatores

31 598 33 600 ’
108 611 255 676 conversi
279 598 451 692 proferunt
475 626 580 690 neque
596 608 723 672 omniuo
740 604 1034 673 nmisimilitudinis
1052 605 1210 688 speciem
1228 611 1347 685 cureut

108 735 207 798 saepe
230 718 323 799 quasi
346 735 382 782 se
408 715 581 781 excusandi
598 733 696 781 causa
712 713 835 796 aliquid
859 713 1079 795 praemittunt
1104 732 1179 796 qno
1204 712 1347 779 commoti

108 821 348 907 spectatoribus
373 841 442 888 rem
466 828 636 904 exponant.
676 821 730 888 Sic
745 822 828 887 alius
852 821 925 886 vino
949 819 1033 885 alius
1057 820 1273 902 loquacitate
1294 838 1346 887 suo

109 927 192 992 alius
216 925 375 992 insomnia
399 926 441 991 ad
467 925 662 1008 loquendum
694 944 729 990 se
760 926 832 1006 cogi
862 923 965 1006 fingit,
994 926 1078 993 alius
1108 927 1206 1011 quod
1235 926 1344 994 arbitri

109 1053 172 1099 non
196 1033 305 1098 adsint
328 1033 406 1115 quid
429 1031 478 1098 rei
501 1033 545 1098 sit
569 1051 604 1098 se
628 1032 928 1098 demonstraturum
951 1051 1024 1100 esse
1045 1033 1141 1101 dicit.
1194 1035 1343 1118 Exempla

108 1140 204 1207 huius
228 1159 306 1206 usus
330 1139 410 1206 haec
430 1138 547 1205 affero:
577 1138 610 1203 iu
636 1139 745 1205 Plauti
769 1138 956 1207 Cistellaria
979 1141 1054 1207 leue
1077 1141 1160 1208 inde
1185 1161 1207 1208 a
1231 1162 1261 1208 v,
1288 1141 1341 1207 121

110 1248 190 1315 haec
214 1244 363 1330 prolert:
664 1231 666 1235 Α
1139 1268 1142 1277 ·

322 1359 395 1432 quio
417 1375 467 1432 epo
489 1375 575 1426 nnnc,
598 1356 668 1431 quia
688 1374 755 1418 sum
778 1357 882 1418 onusto
902 1375 967 1416 mee
988 1374 1023 1417 ee
1044 1333 1206 1429 sententio,
1239 1390 1242 1394 ·

324 1467 448 1538 quiaque
471 1465 543 1524 adeo
565 1483 609 1524 me
632 1466 760 1540 conpleri
774 1468 851 1541 flore
875 1465 987 1535 Liberi,

322 1577 415 1648 napis
440 1575 530 1634 libero
552 1575 596 1634 nli
621 1575 720 1649 lomna
743 1574 916 1659 corolido'lurn¹
933 1577 975 1633 cst
995 1573 1069 1632 mihi
1076 1597 1088 1647 ,-

323 1685 414 1740 iocere
437 1698 543 1756 nequeo
565 1684 682 1751 misero,
705 1682 783 1755 qood
805 1684 893 1742 incito
914 1698 986 1741 osam
1008 1683 1058 1740 esc.

1382 46 1389 315 l

111 1781 237 1850 Deinde
268 1793 495 1866 argumentum
524 1793 650 1853 narrat.
698 1785 822 1853 Similia
852 1784 1047 1869 Astaphium
1077 1782 1111 1849 in
1145 1760 1341 1872 Truculento
1385 1818 1389 1889 3

112 1889 192 1975 (210
215 1890 377 1973 Schoell)·:

324 2001 464 2074 Requieoo'
486 2001 556 2074 quia
577 2001 645 2060 hinc
667 2002 760 2061 iniero
781 2002 855 2060 coln
874 2000 978 2060 odium
999 1999 1101 2061 meunt

326 2109 441 2168 tondeo
463 2109 527 2168 sola
549 2126 632 2168 snm:
653 2126 732 2168 nnnc
753 2109 868 2183 widem
890 2125 951 2168 meo
974 2094 1120 2168 arbitrale

300 2244 304 2261 ·
328 2215 429 2288 loquor
453 2215 538 2274 libore
560 2232 632 2289 puae
655 2216 750 2276 colono
772 2221 799 2275 ei
821 2233 894 2290 quoe
918 2216 1029 2276 luteola

113 2319 284 2385 Menandri
306 2320 413 2386 locum
436 2340 476 2387 ex
499 2321 650 2403 Epiclero
674 2321 739 2387 iam
763 2341 864 2403 snpra
878 2320 1056 2386 vattulimus
1081 2318 1162 2405 (frg.
1193 2317 1291 2408 164):

327 2422 376 2510 ἄρ’
399 2427 461 2490 ἐστὶ
486 2426 610 2493 πάντων
635 2428 792 2514 ἀγρυπνία
815 2427 1010 2492 λαλίστατον.

327 2535 382 2618 ἐμὲ
404 2542 479 2619 γοῦν
503 2535 706 2621 ἀναστήσασα
729 2535 812 2619 δευρὶ
836 2534 1007 2620 προάγεται

328 2639 435 2705 λαλεῖν
459 2639 513 2704 ἀπ’
536 2643 636 2729 ἀρχῆς
660 2642 763 2706 πάντα
786 2645 838 2706 τὸν
861 2643 997 2727 ἐμαυτοῦ
1022 2638 1097 2726 βίον.

114 2747 269 2814 Eiusdem
284 2749 466 2828 Menandri·
490 2747 518 2814 si
542 2749 672 2831 quidem
689 2756 740 2816 est
759 2749 939 2830 Menandri,
963 2749 1027 2816 hnc
1050 2747 1159 2816 refero
1184 2745 1250 2830 frg.
1273 2748 1344 2827 nal,

115 2872 310 2938 quamquam
343 2855 420 2937 quid
453 2856 503 2943 rei
534 2855 578 2922 sit
610 2875 673 2923 nou
706 2850 787 2923 satis
820 2855 993 2939 perspicio.
1047 2851 1211 2942 Exscribo
1244 2854 1345 2938 igitur

115 2961 294 3028 Koclrinmt'
324 2960 522 3044 “Gregorius
545 2963 697 3030 Nazianz.
725 2965 816 3046 Apol.
848 2983 879 3046 p.
906 2963 948 3041 14
979 2962 1030 3029 ed.
1055 2961 1130 3039 Bas.
1161 2961 1257 3028 οὐδὲν
1287 2965 1345 3049 γὰρ

115 3073 212 3148 οὕτως
235 3072 307 3157 ἡδὺἱ
326 3083 389 3150 τοῖς
417 3070 597 3157 ἀνθρώποις
621 3072 662 3150 ὡς
685 3076 721 3137 τὸ
747 3072 855 3137 λαλεῖν
878 3068 1057 3154 τάλλότρια.
1089 3063 1139 3134 ‘ex
1155 3067 1345 3138 'Menandro

116 3176 196 3243 haec
227 3180 332 3259 petita
363 3196 445 3258 esse,
481 3177 646 3242 iudicante
676 3177 821 3258 Porsono
854 3177 895 3242 ad
921 3175 999 3240 Eur.
1025 3173 1081 3239 Or.
1106 3173 1184 3253 228,
1222 3178 1347 3256 monuit

116 3283 206 3352 Elias
223 3285 399 3351 Cretensis.
436 3285 601 3350 Porsonus
618 3283 735 3351 conicit
757 3283 846 3348 οὐδὲν
870 3284 932 3369 γὰρ
952 3284 1049 3358 οὕτως
1065 3278 1146 3345 ἐστο)
1160 3275 1354 3369 autpertum

115 3389 226 3477 γλυκύ,
241 3389 245 3480 i
259 3391 300 3469 ὡς
333 3392 519 3457 τούκλαλεῖν
553 3389 740 3478 τάλλότριαῖ
799 3391 894 3456 Mein.
928 3389 1066 3456 Porsoui
1100 3376 1352 3458 adnotandum·

106 3500 241 3564 trustra
265 3494 438 3581 quaesivi.''
483 3498 567 3564 Illud
591 3505 699 3565 antem
723 3497 792 3564 veri
815 3497 919 3564 simile
942 3496 1021 3564 milri
1043 3496 1173 3575 uidetur
1198 3515 1274 3564 eum
1294 3498 1348 3581 qui

226 3692 235 3724 ¹
254 3691 384 3746 Similiter
410 3696 492 3760 atque
513 3689 637 3746 Philemo
663 3690 691 3744 iu
709 3690 866 3746 Mercatore
885 3689 1013 3760 Diphilus
1032 3687 1103 3744 ludit
1120 3686 1279 3759 fragmento
1300 3690 1348 3747 illo

116 3780 170 3836 iam
189 3797 274 3850 supra
292 3781 375 3837 allato
395 3782 506 3853 (Athen.
525 3781 564 3836 Vl
583 3781 686 3852 223a):
1065 3776 1067 3782 '

418 3857 440 3922 ωτ
456 3865 532 3924 τόνδ’
549 3865 739 3922 ἐποπτεύουσα
756 3867 802 3921 καὶ
819 3863 968 3936 κεκτημένη

415 3955 580 4022 Βραυρῶνος
597 3953 672 4022 ἱεροῦ
689 3951 906 4021 θεοφιλέστατον
923 3950 1019 4019 τόπον,

332 4092 334 4096 ,
417 4039 526 4106 Λητοῦς
543 4037 611 4101 Διός
628 4057 657 4092 τε
674 4037 826 4106 τοξόδαμνε
844 4033 977 4105 παρθένε,
1074 4025 1082 4037 ’

417 4118 454 4186 (ὃς
472 4122 499 4177 οὶ
518 4123 655 4197 τραγῳδοί
672 4138 766 4191 φασιν,
785 4118 827 4183 οἷς
843 4118 953 4188 ἐξουσία
1030 4171 1032 4176 .

417 4204 490 4262 ἐστὶν
507 4206 591 4277 λέγειν
604 4201 715 4262 ἅπαντα
731 4207 777 4261 καὶ
794 4212 883 4260 ποιεῖν
899 4205 1003 4275 μόνοις,

118 4294 166 4349 ubi
191 4300 275 4364 poeta
301 4293 404 4363 tragico
430 4310 506 4349 more
537 4293 657 4349 fabulam
685 4294 834 4361 exorditur,
860 4293 958 4349 deiude
986 4297 1077 4347 autem
1100 4291 1206 4362 tragico
1238 4291 1348 4348 dicendi

118 4385 213 4453 generi
235 4384 275 4438 illi
297 4383 326 4438 iu
348 4402 373 4441 v.
391 4385 409 4438 3
431 4384 548 4439 illudens
572 4385 600 4439 in
624 4385 708 4439 risum
731 4390 817 4439 totam
840 4382 897 4438 'rom
920 4382 1011 4454 vertit
1049 4383 1143 4452 Quinti
1166 4397 1265 4438 versus
1287 4399 1347 4440 seu·

118 4473 232 4528 tentiam
251 4474 362 4543 copiose
381 4474 508 4530 tractavit
520 4470 697 4544 'Antiphanes
715 4474 743 4528 in
762 4472 844 4529 Poesi
862 4471 963 4528 fabula.
997 4470 1101 4551 clafrg.
1121 4472 1183 4528 191.
1298 4524 1301 4528 Α
1338 4506 1354 4553 ι,
