2910 4942
33 4494 90 4632 A

607 234 829 304 ...36-

105 435 245 504 Videtur
284 441 318 504 et
356 456 408 504 res
448 441 482 502 et
517 432 662 502 condicio
702 433 816 501 similis
855 430 990 501 subesse
1028 440 1129 517 atque
1170 433 1208 500 in
1243 421 1336 500 Misn-

105 561 198 608 meno
222 539 294 608 fuit.
892 592 893 596 ι

210 647 279 712 Iam
304 645 331 710 si
355 645 541 727 quaerimus
565 645 638 727 quis
661 645 746 711 hunc
770 644 982 726 expositionis
1006 648 1136 713 modum
1164 649 1340 730 invenerit

106 772 208 832 nemo,
233 759 322 834 puto,
347 751 490 834 antiquis
505 753 612 833 poetis
629 752 758 818 comicis
774 751 836 818 hoc
851 753 999 820 tribuere
1015 752 1196 835 dubitabit,
1224 756 1253 821 si
1270 774 1341 840 per-

105 859 257 943 penderit
271 857 411 926 Nubium
428 858 687 941 Aristophaneus
705 859 843 940 initium,
868 859 922 926 ubi
939 855 1147 943 Strepsiades
1170 861 1248 943 ipse
1266 882 1343 946 qno

105 987 168 1051 que
191 966 277 1035 curis
301 985 319 1032 e
343 984 454 1032 somno
475 967 633 1032 excitatus
657 985 767 1033 secum
783 965 989 1050 colloquitur,
1014 987 1078 1050 qua
1094 970 1232 1035 ratione
1252 991 1346 1056 spec·

105 1083 230 1142 tatores
255 1074 295 1140 de
319 1079 511 1155 argumento
538 1073 696 1140 certiores
727 1072 817 1141 finnt.
865 1075 972 1156 Legae
995 1074 1145 1158 inprimis
1174 1096 1205 1144 ν.
1237 1081 1346 1162 lsq.:

264 1179 327 1245 Ἰοὺ
351 1179 408 1244 ἰού·

266 1288 291 1351 ὦ
314 1287 375 1351 Ζεῦ
399 1287 536 1374 βασιλεῦ,
559 1290 595 1351 τὸ
617 1297 726 1375 χρῆμα
744 1291 809 1354 Ιτῶν
833 1299 954 1356 νυκτῶν
977 1293 1050 1357 ὅσον

200 1433 201 1439 1
266 1395 449 1480 ἀπέραντον.
473 1393 622 1460 οὐδέποθ’
644 1395 745 1481 ἡμέρα
766 1397 948 1483 revalescam

108 1489 147 1552 ss
173 1504 240 1568 sq..
266 1572 337 1638 ἀλλ’
359 1575 385 1638 εἰ
409 1574 504 1655 δοκεῖ,
528 1572 690 1660 ῥέγκωμεν
714 1575 994 1662 ἐγκεκαλυμμένοι.
1022 1613 1065 1624 ·-

266 1678 395 1745 ἀλλὀὐ
419 1680 552 1766 δύναμαι
575 1681 830 1759 δείλαιοςεῧδειν
854 1684 1045 1770 δακνόμενος
1176 1690 1178 1693 ’

214 1798 216 1802 “
266 1791 328 1854 ὑπὸ
350 1799 404 1874 τῆς
428 1789 568 1876 δαπάνης
591 1792 645 1855 καί
668 1801 723 1878 της
746 1793 863 1880 φάτνης
879 1795 933 1857 καὶ
949 1802 1010 1859 τῶν
1026 1801 1128 1880 χρεῶν
1152 1794 1231 1859 κτλ.

106 1895 436 1976 Animadvertendum
463 1903 572 1962 autem
603 1903 655 1963 est
678 1900 764 1981 quod
785 1899 870 1969 hanc
895 1920 1023 1984 quoque
1047 1920 1116 1967 rem
1140 1903 1347 1984 posterioris

106 2007 226 2072 aetatis
254 2004 376 2082 cornici,
416 2011 453 2071 ut
483 2004 597 2084 solent,
633 2005 675 2070 ad
702 2024 846 2073 amorem
875 2007 1053 2090 praecipue
1081 2012 1347 2089 transtulerunt

107 2113 206 2179 Cuius
228 2112 278 2179 rei
301 2112 390 2179 alind
415 2111 595 2194 exemplum
619 2130 721 2195 supra
743 2114 808 2180 iam
832 2115 1053 2194 tractavimus.

214 2228 339 2294 Deinde
366 2226 468 2293 affero
484 2226 593 2292 Alexis
617 2227 732 2293 locum.
769 2228 848 2295 Eius
872 2249 911 2294 ex
927 2230 1057 2298 Midone
1074 2232 1273 2302 Athenaeus
1290 2235 1347 2302 XV

109 2334 204 2401 70οπ
226 2336 306 2402 haec
329 2334 434 2401 tradit
456 2332 533 2421 (ing.
559 2333 652 2418 148);

267 2442 284 2506 ὁ
307 2449 429 2527 πρῶτος
451 2442 550 2526 εὑρὼν
574 2444 652 2526 μετὰ
674 2439 851 2528 λυχνούχου
875 2455 1056 2528 περιπατεῖν

267 2560 321 2636 της
344 2551 455 2626 νυκτδς
478 2550 517 2634 ἡν
541 2569 585 2626 τις
609 2549 753 2636 κηδεμὼν
777 2557 838 2614 τῶν
863 2550 1025 2619 δακτύλων
1038 2552 1057 2616 ¹.
1292 2636 1295 2642 .

108 2661 187 2742 Quis
217 2662 262 2728 sit
288 2661 344 2726 ille
368 2662 422 2742 qui
447 2659 528 2726 haec
551 2661 705 2742 loquatur
729 2661 830 2727 statui
854 2663 977 2744 nequit.
1024 2657 1209 2726 Protulisse
1232 2666 1343 2728 autem

109 2789 181 2835 enm
211 2774 436 2851 argumentum
472 2786 666 2851 quamquam
691 2778 817 2834 certum
841 2786 905 2833 non
930 2775 990 2848 est,
1024 2773 1137 2834 tamen
1162 2767 1249 2833 satis
1273 2767 1338 2834 veri

107 2877 204 2944 simili
234 2876 422 2942 coniectura
445 2874 606 2956 suspicari
628 2893 813 2957 possumus.
859 2875 982 2941 Audire
1014 2874 1099 2941 enirn
1123 2872 1204 2940 mihi
1229 2875 1339 2943 videor

107 2985 268 3050 hominem
299 2986 438 3067 aliquem
472 2983 527 3067 qui
561 2984 669 3050 nescio
698 2986 788 3050 cuins
813 2983 863 3049 rei
886 3001 986 3050 causa
1008 2987 1165 3048 nocturno
1190 2986 1339 3065 tempore

108 3111 180 3158 cum
210 3093 343 3159 lucerna
373 3092 406 3156 in
430 3092 558 3172 publico
587 3097 647 3156 est.
676 3092 811 3173 'Itaque
835 3092 875 3157 de
899 3088 1024 3172 protasi
1049 3086 1181 3154 fabulae
1205 3089 1262 3155 vir
1286 3091 1340 3156 dn·

107 3199 207 3265 bitari
231 3204 349 3280 potest.
397 3197 574 3278 Aptissime
599 3202 708 3263 autern
731 3197 772 3263 ab
797 3197 846 3263 his
870 3196 950 3280 ipsis
974 3195 1340 3264 versibuscomoediam

107 3307 234 3371 initium
265 3324 383 3386 capere
407 3307 637 3371 contenderim.
681 3305 784 3371 Valde
817 3304 901 3370 enim
936 3309 1129 3371 amaverunt
1156 3306 1288 3386 poetae
1311 3312 1342 3371 et

108 3414 225 3495 tragici
249 3419 283 3479 et
306 3413 418 3478 comici
441 3411 474 3478 in
497 3411 628 3478 fabulae
651 3410 744 3478 initio
768 3411 963 3477 sententiam
987 3407 1135 3494 aliquam·
1153 3411 1342 3478 universam

108 3538 239 3601 ponere.
287 3519 461 3602 (Conferas
495 3520 636 3585 Theonis
668 3520 773 3585 locum
806 3538 908 3600 supra
940 3519 1101 3602 allatum).
1156 3517 1261 3584 Cuius
1288 3519 1342 3584 rei

109 3625 256 3707 exempla
286 3631 363 3691 sunt
396 3625 495 3708 Soph.
520 3625 657 3706 Trach.;
693 3626 771 3692 Eur.
797 3625 961 3691 Heraclid.
996 3625 1071 3709 0r.;
1106 3624 1209 3692 Arist.
1234 3625 1341 3705 Plut.;

109 3732 217 3798 Plauti
240 3734 343 3799 Persa
367 3733 455 3799 Trin.
481 3734 594 3813 Truc.;
632 3733 707 3802 Ter.
731 3734 809 3799 Hec.
857 3732 1014 3802 conferas
1039 3752 1110 3800 curn
1134 3731 1247 3799 Alexis
1272 3734 1343 3800 loco

108 3840 256 3922 inprimis
281 3842 404 3907 Persae
427 3840 566 3909 initium.

216 3950 364 4032 Adiungo
388 3955 524 4030 propter
540 3946 735 4015 condicionis
751 3946 994 4018 similitudinem
1018 3967 1058 4014 ea
1082 3967 1166 4031 qnae
1192 3967 1232 4014 ex
1257 3950 1343 4015 eius·

109 4058 181 4123 dem
213 4064 330 4138 poetae
363 4055 474 4122 fabula
506 4052 703 4139 Θεσπρυτά,
721 4053 772 4118 cui
803 4072 920 4120 nomen
954 4062 1027 4122 erat
1061 4057 1251 4155 Athenaeus
1276 4056 1343 4122 ·x11

109 4161 229 4229 eorde
253 4159 399 4228 servavit
423 4157 499 4245 (frg.
525 4158 599 4245 89);
813 4157 814 4161 ’
1198 4155 1215 4172 ‘-
1282 4180 1285 4185 .

216 4359 225 4390 ¹
245 4356 362 4412 Confero
374 4358 429 4432 Ar.
448 4356 530 4425 Vesp.
549 4373 574 4412 ν.
595 4355 648 4411 246
667 4371 724 4424 sq:

308 4447 444 4514 χωρῶμεν,
464 4438 521 4513 ἅμα
538 4463 567 4498 τε
584 4446 621 4518 τῷ
640 4443 728 4518 λάχνῳ
745 4442 836 4512 πάντη
855 4442 1055 4520 διασκοπῶμεν,

306 4528 344 4599 μή
362 4548 417 4584 που
435 4531 516 4592 λίθος
532 4550 573 4592 τις
591 4527 719 4598 ἐμποδὼν
735 4525 807 4598 ἡμᾶς
823 4526 909 4582 κακόν
926 4548 951 4580 τι
968 4527 1065 4598 δράσῃ.
