2910 4942
558 173 817 281 -219

45 414 218 500 signatum
253 420 480 497 argumentum
515 414 644 480 fabulae
680 412 871 495 praebuisse
911 413 1106 494 suspicatur.
1165 413 1281 493 Itaque

10 605 14 613 Ι
44 522 252 613 Rhilemonis
269 523 385 589 Sardio
408 522 567 605 quaedam
584 541 656 587 cum
673 520 860 602 Apollodori
876 520 1145 603 Epidicazomeno
1169 518 1280 584 simili-

10 622 16 647 *
42 622 133 699 'tudo
158 628 259 694 fuisse
283 628 422 694 videtur.
470 624 563 703 Quod
593 643 686 689 nemo
710 622 883 689 mirabitur
907 626 962 707 qui
994 625 1170 691 sescenties
1193 626 1280 692 illius

40 716 174 811 notatis
204 742 318 817 poetas
350 733 487 799 comicos
516 733 656 798 alterum
687 732 826 798 alterum
851 732 1012 798 imitatum
1043 751 1115 798 esse
1139 739 1172 799 et
1195 753 1280 806 com-

17 912 32 921 ,
72 845 175 911 ‘asse
200 843 383 910 meminerit
397 841 416 906 ¹.

74 938 78 943 ’
160 953 377 1017 Revertamur
409 950 450 1015 ad
483 967 551 1014 rem
586 947 798 1029 propositam.
846 945 1029 1013 Scholiasta
1056 947 1133 1011 Eur.
1160 947 1278 1012 Troad.

101 1059 116 1123 Ι
149 1059 229 1124 haec
262 1057 371 1123 affert:
411 1054 596 1143 Ἀντιφάνης
628 1053 844 1139 Λαομέδοντος
883 1052 981 1117 παῖδα
1012 1056 1064 1117 τδν
1094 1053 1280 1140 Γανυμήδην

15 1238 18 1243 ,
67 1238 71 1245 ,
117 1164 339 1230 ddcdccdccc
364 1164 439 1246 ling.
466 1164 532 1243 73)·

266 1279 326 1334 τῶν
351 1272 456 1335 οἰκιῶν
480 1274 533 1336 οὖν
557 1272 599 1336 ὢν
623 1270 697 1355 ὁρᾷς
720 1270 753 1334 ἐν
776 1270 851 1355 τῇδε
875 1270 930 1354 μὲν

268 1379 284 1442 ὁ
308 1386 368 1443 τῶν
392 1376 528 1464 Φρυγῶν
552 1377 699 1462 τύραννος
722 1378 815 1441 οἰκῶν
839 1377 987 1463 τυγχάνει

265 1483 375 1571 γέρων,
400 1483 455 1548 ἀπ’
477 1486 577 1571 ἀρχῆς
600 1482 772 1568 Λαομέδων
796 1483 999 1570 καλούμενος.

10 1598 12 1605 ’
40 1608 47 1681 J
86 1591 234 1658 einekius
270 1593 340 1677 (Ill.
377 1613 408 1675 p.
433 1591 489 1674 41)
525 1594 604 1656 haec
640 1591 793 1657 adnotat:
830 1589 991 1659 ‘videntur
1021 1599 1214 1675 praesentes
1248 1598 1280 1658 in

10 1676 172 1797 incaene
205 1718 304 1782 agere
329 1700 511 1765 Mercurius
544 1703 577 1764 et
609 1699 692 1763 alius
724 1698 864 1779 quidam,
897 1700 949 1765 cui
975 1700 1169 1784 Ganymedis
1193 1700 1280 1781 rapi-

10 1804 21 1844 ²
56 1816 127 1874 'arn
151 1806 303 1889 luppiter
338 1806 558 1872 mandaverat.
613 1805 696 1871 Huic
721 1805 805 1871 viam
838 1809 1042 1874 monstrabat
1072 1805 1274 1874 Mercurius’.

10 1906 144 1995 ¹Quae
173 1933 253 1980 vera
276 1932 348 1980 esse
372 1919 520 1995 possunt.
567 1912 757 1979 Certissima
781 1919 890 1979 autem
914 1915 1040 1981 ratione
1064 1915 1199 1997 prologo
1218 1915 1280 1980 viri

10 2006 137 2087 ΙΙΙτΙοοιί
161 2021 241 2087 haec
264 2019 460 2087 tribuerunt.
509 2020 558 2084 Ex
581 2038 699 2102 magna
731 2020 814 2085 enim
839 2023 1045 2089 accuratione
1076 2042 1139 2105 qua
1164 2041 1281 2088 scaena

10 2108 47 2174 ¹
70 2133 86 2194 t
109 2128 338 2195 Laomedontis
370 2147 424 2193 res
455 2127 685 2195 describuntur
710 2130 917 2209 cognoscitur
947 2135 1078 2212 poetam
1101 2129 1135 2195 id
1169 2148 1278 2211 agere,

10 2240 15 2284 ἑ
40 2294 43 2299 .
73 2239 89 2300 t
114 2241 317 2316 spectatores
335 2235 374 2300 de
398 2234 528 2300 fabulae
545 2241 737 2316 argumento
762 2235 920 2301 certiores
944 2235 1053 2302 faciat.
1094 2237 1154 2303 Est
1171 2244 1279 2304 autem

25 2390 29 2399 .
49 2340 133 2408 haec
151 2360 279 2424 quoque
299 2341 454 2421 condicio,
479 2348 516 2407 ut
531 2342 627 2423 primi
651 2345 683 2406 in
708 2349 914 2424 conspectum
932 2343 1041 2426 populi
1059 2345 1280 2425 producantur

23 2428 116 2527 {duo
140 2449 285 2515 homines
310 2450 364 2530 qui
389 2448 430 2515 ad
462 2449 599 2516 alicuius
628 2450 758 2516 domum
790 2451 886 2517 alteri
917 2470 981 2517 non
1011 2456 1121 2517 notam
1151 2451 1280 2534 profici·
1366 2487 1368 2492 ·

36 2563 194 2653 ¹scantur,
219 2557 307 2623 iuter
323 2576 378 2623 eas
395 2576 414 2622 a
431 2558 548 2639 quibus
565 2559 755 2640 saepissime
778 2566 896 2642 poetae
912 2557 1040 2625 fabulas
1057 2560 1279 2626 ordiebantur.

29 2652 206 2730 ¹Eiusdem
242 2664 372 2745 generis
407 2671 459 2730 est
492 2665 696 2732 Curculionis
731 2668 902 2734 Plautinae
938 2669 1148 2750 principium3
1188 2669 1279 2750 legas

21 2782 78 2836 “ν.
107 2772 124 2835 l
150 2790 197 2853 sq.
225 2771 265 2834 12
296 2789 344 2853 sq.
369 2771 421 2836 39.
480 2773 528 2838 Ad
560 2773 667 2854 ipsum
697 2775 868 2856 prologum
903 2775 1035 2858 proprie
1066 2775 1121 2856 qui
1159 2775 1279 2841 dicitur

10 2866 24 2969 ξ’
41 2878 214 2944 translata
238 2877 317 2943 haec
342 2879 426 2943 ratio
451 2885 502 2944 est
525 2879 557 2945 in
582 2880 780 2958 Trinummo,
804 2883 895 2947 cuius
920 2880 980 2946 hoc
1004 2887 1055 2947 est
1078 2879 1224 2945 initium:

267 2989 389 3061 Sequere
410 2989 465 3048 buo
486 3007 539 3060 roe,
563 2994 661 3064 pecto,
683 2995 716 3050 et
738 3010 844 3052 munes
859 2993 1003 3068 fungeris
1027 2996 1117 3051 toene.

199 3130 239 3140 -
265 3113 387 3169 sequor:
409 3102 451 3156 set
471 3097 559 3166 linem
574 3099 644 3173 sore
667 3116 749 3170 quern
772 3099 868 3159 dicem
889 3100 993 3159 nescio.

199 3236 241 3248 -
265 3204 365 3262 adest:
387 3221 456 3262 νουν
479 3205 563 3263 illaec
585 3209 654 3264 sent
675 3206 780 3267 aedes:
802 3208 814 3267 i
836 3209 914 3266 intro
935 3223 1013 3265 nunc
1035 3207 1103 3265 ione.

41 3307 154 3386 Quam
186 3306 322 3372 idoneus
354 3306 405 3372 hic
437 3306 549 3373 modus
581 3307 624 3372 sit
659 3309 700 3373 ad
730 3307 929 3375 inchoandas
964 3307 1092 3375 fabulas
1118 3327 1279 3390 quamque

46 3419 128 3496 apte
151 3420 356 3495 spectatores
380 3415 426 3479 sic
450 3415 556 3479 omnia
580 3434 663 3497 quae
687 3435 768 3497 opus
793 3416 858 3482 sint
882 3417 1008 3484 discant
1031 3435 1124 3481 nemo
1145 3434 1207 3480 non
1231 3415 1279 3480 in-

13 3520 188 3602 '.tellegit.
237 3521 352 3602 ltaque
377 3539 439 3585 non
465 3521 620 3586 miramur
644 3522 731 3603 quod
753 3524 786 3588 in
810 3523 953 3605 antiquis
976 3522 1040 3588 iam
1057 3520 1176 3588 fabulis
1199 3523 1280 3588 talia

160 3712 169 3744 ¹
189 3712 339 3767 Occasione
364 3712 428 3766 data
451 3713 552 3769 adnoto
571 3715 734 3770 Philemonis
753 3711 994 3781 Ἐπιδικαζόμενον
1012 3715 1107 3769 eadem
1125 3717 1153 3769 in
1173 3732 1202 3770 re
1220 3732 1280 3771 ver-

44 3807 139 3858 satam
156 3816 216 3856 esse
233 3799 320 3855 rideri
338 3801 367 3855 in
385 3818 438 3870 qua
448 3802 610 3871 Apollodori
624 3802 745 3859 eiusdem
766 3803 882 3858 nominis
895 3801 1024 3870 fabulam,
1044 3819 1078 3858 ex
1092 3820 1146 3872 qua
1155 3803 1279 3860 Terentii

45 3890 180 3946 Phormio
204 3888 291 3944 fluxit.
331 3889 410 3957 Quod
437 3908 491 3946 non
517 3890 597 3946 modo
616 3893 696 3947 titulo
714 3893 857 3962 probatur,
882 3891 931 3947 sed
951 3893 1033 3947 etiam
1051 3891 1201 3962 fragmento
1221 3894 1279 3964 (23)

47 3978 127 4050 quod
145 3979 279 4035 Stobaeus
299 3981 432 4036 servavit:

261 4061 340 4136 ἥδιον
359 4064 440 4122 odolo
458 4065 522 4122 ου’δὲ
539 4066 738 4135 μουσικώτερον

261 4149 315 4206 ἔστ’
332 4145 350 4221 ἢ
369 4152 509 4206 δύνασθαι
527 4151 739 4220 λοιδορούμενον
757 4149 858 4221 φέρειν.

263 4231 278 4290 ὁ
296 4239 430 4303 λοιδορῶν
447 4235 508 4305 γάρ,
528 4231 563 4291 dv
581 4234 596 4290 ὁ
615 4236 821 4304 λοιδορούμενος

261 4320 298 4390 μὴ
317 4323 509 4390 προσποιῆται,
528 4324 689 4388 λοιδορεῖται
707 4322 848 4387 λοιδορῶν.

47 4405 162 4476 Optime
179 4408 251 4462 enim
269 4409 339 4463 haec
357 4407 494 4476 quadrent
511 4407 539 4463 in
558 4408 744 4463 condicionem
757 4407 929 4463 Phormionis
948 4408 1149 4476 aDemiphone
1167 4416 1196 4463 et
1209 4409 1279 4464 Geta

47 4494 145 4569 (11,3)
166 4498 337 4553 coutumeliis
357 4497 455 4553 affecti.
1206 4483 1212 4495 ’
