2926 4950
621 171 841 238 ...58-

223 366 348 433 Deinde
379 365 480 433 facies
513 386 641 450 quoque
675 373 708 434 et
740 386 853 434 eorum
887 367 1050 434 bominum
1081 368 1136 452 qui
1167 369 1288 435 adsunt
1312 374 1348 435 et

115 493 228 541 eorum
258 475 314 556 qui
343 475 530 556 processuri
561 480 637 540 sunt
660 475 858 541 describitur
882 481 916 542 et
946 476 1138 558 explicatur.
1185 475 1346 542 Conferas

115 587 251 665 praeter
275 581 362 646 locos
387 581 449 646 iam
475 598 576 661 supra
600 580 717 645 allatos
740 579 830 660 (Eur.
848 579 920 645 Hel.
945 599 974 644 ν.
998 579 1066 645 420
1084 598 1145 662 sq,
1170 581 1347 649 Teleclidis

115 687 178 771 frg.
203 689 256 768 31,
280 688 387 755 Plaut.
404 689 488 754 Rnd.
512 708 541 753 ν.
559 686 635 767 293,
659 686 753 752 Truc.
771 686 848 769 463)
872 705 912 752 ea
935 705 1019 768 quae
1041 687 1197 770 leguntur
1212 689 1246 754 in
1263 690 1346 761 Eur.

115 795 233 862 Bacch.
257 816 286 861 ν.
312 797 334 861 4
358 815 425 878 sq.:

276 906 396 988 μορφὴν
421 899 448 966 δ’
470 900 603 986 ἀμείψας
627 901 665 964 ἐκ
687 900 766 964 θεοῦ
789 899 954 987 βροτησίαν

275 1011 434 1095 πάρειμι.
482 1029 508 1072 .·
537 1055 935 1072 ........
946 1055 954 1090 ,

114 1135 143 1181 ν.
169 1114 213 1182 53
237 1135 302 1198 sq.:

275 1223 318 1286 ὢν
342 1218 444 1286 οὕνεκ’
468 1221 548 1299 εἶδος
571 1223 689 1310 θνητὸν
712 1221 850 1302 ἀλλάξας
873 1224 938 1310 ἔχω

276 1330 397 1416 μορφήν
420 1328 447 1393 τ’
468 1330 545 1415 ἐμὴν
571 1328 740 1416 μετέβαλον
763 1331 806 1406 εἰς
830 1329 941 1415 ἀνδρὸς
963 1330 1063 1416 φύσιν.
1199 1382 1201 1386 .

115 1454 165 1519 De
194 1452 383 1520 absentibus
414 1456 525 1537 agitur
547 1457 693 1522 Platonis
724 1456 917 1539 fragmentis
947 1453 1015 1525 illis
1048 1475 1087 1522 ex
1110 1455 1213 1524 Nocte
1245 1458 1350 1540 longa

114 1561 178 1626 iam
203 1579 304 1643 supra
327 1563 446 1643 allatis,
471 1563 504 1627 in
529 1566 583 1629 Ar.
608 1564 668 1646 Eq.
693 1563 768 1630 inde
791 1583 811 1629 a
835 1584 862 1628 ν.
889 1564 971 1629 23οι

164 1728 166 1732 ,
275 1669 329 1732 καὶ
353 1672 396 1754 μὴ
420 1667 527 1733 δέδιθ’·
552 1671 588 1733 οὐ
611 1671 673 1757 γάρ
696 1671 778 1735 ἐστιν
801 1670 1013 1757 ἐξῃκασμένος
1037 1669 1119 1757 (scil.
1145 1670 1247 1757 Cleo).

276 1930 728 1948 .........
742 1885 865 1962 παντως
889 1907 926 1971 γε
950 1889 1010 1971 μὴν

275 1989 503 2075 γνωσθήσεται·
528 1993 646 2077 τὸγὰρ
669 1990 804 2077 θέατρον
828 1991 936 2074 δεξιόν,

116 2095 171 2164 ubi
201 2096 330 2163 mireris
354 2098 603 2164 Demosthenem
638 2097 743 2181 primo
767 2100 808 2164 ad
832 2098 1022 2181 isiciarium,
1048 2099 1166 2165 deinde
1189 2100 1230 2164 ad
1255 2099 1347 2181 ipsos

114 2210 320 2287 spectatores
350 2204 448 2288 loqui.
495 2205 674 2271 Praeterea
703 2206 856 2287 inspicias
880 2207 1064 2289 vesparum
1095 2206 1201 2272 locum
1224 2205 1303 2273 inde
1328 2224 1348 2271 a

113 2333 143 2379 ν.
169 2313 234 2378 214
257 2331 360 2395 usque
383 2313 426 2378 ad
448 2333 477 2378 ν.
503 2313 579 2378 227.

221 2438 468 2518 Nonnumquam
507 2442 544 2502 ut
590 2454 632 2501 ne
669 2434 912 2516 stupidissimus
951 2437 1080 2520 quidem
1120 2442 1346 2520 spectatorum

115 2561 229 2609 errare
257 2544 362 2626 possit
383 2544 418 2610 id
441 2562 570 2627 quoque
594 2543 776 2624 exponitur,
810 2543 889 2625 quid
912 2545 1002 2626 ipsae
1026 2542 1157 2612 fabulae
1181 2562 1346 2626 personae

115 2651 155 2715 de
172 2651 270 2738 rebus
286 2649 430 2717 narratis
448 2651 561 2731 sciant,
578 2649 656 2733 qnid
667 2649 829 2731 ignorent,
846 2670 930 2733 quae
942 2658 1018 2718 sunt
1031 2653 1158 2718 similia.
1185 2650 1346 2732 Exempla

115 2756 233 2824 affero:
258 2757 337 2822 Eur.
362 2758 421 2824 Ion
443 2759 486 2823 49
512 2777 578 2840 sq.:

594 2865 647 2928 τὸν
670 2865 840 2949 σπείραντα
863 2865 898 2929 δὲ

275 2971 334 3035 οὐκ
357 2969 421 3035 οἶδε
444 2968 560 3056 Φοῖβον
584 2970 656 3033 οὐδὲ
680 2970 784 3058 μητέρ’
806 2975 844 3057 ἧς
868 2974 935 3057 ἔφυ,

274 3079 387 3154 ὀπαῖς
411 3099 444 3141 τε
468 3080 539 3154 τοὺς
562 3077 709 3154 τεκόντας
733 3079 791 3143 οὐκ
815 3080 986 3160 ἐπίσταται,

114 3202 185 3284 Iph.
211 3203 247 3266 Α.
274 3201 338 3266 106
361 3220 430 3283 sq.:

274 3310 360 3395 μόνοι
383 3307 410 3372 δ’
430 3307 569 3395 Ἀχαιῶν
592 3311 679 3392 ἴσμεν
703 3307 744 3385 ὡς
768 3309 833 3395 ἔχει
856 3309 930 3373 τάδε

272 3416 407 3503 Κάλχας
428 3415 595 3493 Ὀδυσσεὺς
619 3414 780 3492 Μενέλεώς
804 3437 846 3480 τε.

113 3541 219 3608 Plaut.
246 3542 325 3609 cist.
349 3562 377 3607 ν.
405 3541 469 3606 143
493 3559 559 3623 sq.:

273 3652 306 3711 ici
328 3652 402 3711 doec
424 3669 477 3710 nos
500 3651 578 3710 soloe
601 3651 714 3718 scimus,
738 3667 796 3723 epo,
820 3667 893 3722 quoe
916 3651 963 3708 iiii
986 3650 1060 3718 decii,

273 3764 299 3817 ei
324 3760 385 3828 iiio,
410 3776 481 3831 poce
506 3777 524 3816 o
546 3774 590 3815 me
614 3757 934 3828 mesopotomiam
957 3757 1077 3829 quidem.

272 3867 341 3924 hoec
363 3867 405 3924 sic
427 3883 473 3924 res
494 3868 575 3939 posto
597 3866 655 3936 csi,·
678 3865 706 3921 si
728 3865 792 3934 occis
814 3881 885 3923 msms
908 3864 1024 3932 venerii,

272 3973 435 4032 meminisse
458 3989 508 4045 epo
530 3971 604 4029 banc
626 3985 757 4028 remees
780 3969 852 4027 noio.

111 4095 184 4162 Aul.
209 4093 252 4158 29
276 4112 341 4174 sq.:

273 4204 299 4261 is
321 4204 375 4261 scii
397 4201 564 4260 adulescens
588 4215 660 4272 quoe
682 4200 721 4258 sii
743 4217 830 4271 qoam
852 4201 1054 4274 compresserit,

273 4309 326 4367 iiio
349 4308 433 4366 ilium
455 4309 551 4376 moscii,
573 4323 664 4378 meque
686 4323 874 4378 compressam
897 4310 992 4365 aciem
1008 4310 1102 4378 pater.

111 4429 207 4496 Poen.
233 4428 276 4494 96
301 4446 348 4511 sq.
381 4464 425 4476 -
458 4424 553 4492 Tales
587 4435 695 4494 autem
728 4446 781 4493 res
816 4445 895 4510 quas
929 4445 969 4492 ne
1001 4431 1206 4510 spectatores
1235 4431 1352 4502 animo
