2910 4942
580 253 800 316 ..13-

78 453 160 528 erat,
197 467 281 532 quae
304 449 384 531 ipsa
413 468 541 532 quoque
564 448 621 513 illa
643 452 754 514 aetate
779 448 878 530 (circa
901 466 1019 514 annum
1042 449 1122 531 422)
1145 454 1219 515 acta
1242 452 1302 514 est.
1329 513 1332 517 .

75 555 216 620 -Alia
251 554 399 636 exempla
434 554 554 621 afferre
590 557 798 637 supersedeo.
853 557 918 623 Sed
953 557 1051 623 etiam
1086 555 1172 623 alter
1207 561 1304 638 poeta

76 663 217 727 alterum
251 659 427 742 compilare
459 660 595 728 solebat.
642 661 830 728 Athenaeus
860 663 1037 728 111.124d
1068 663 1150 728 haec
1183 658 1303 728 traditt

77 772 130 834 καὶ
154 770 171 834 ὁ
195 768 358 846 Λύσιππος
381 770 413 834 ἐν
436 769 580 856 Βάκχαις
605 769 680 852 (frg.
707 771 750 854 1)·

289 877 429 964 Ἕρμων,
452 878 480 942 τί
503 879 585 960 ἔστα
609 886 675 955 πῶς
698 879 828 964 ἔχομεν;
854 915 894 925 -
919 877 946 941 τί
970 875 997 940 δ’
1019 877 1098 943 ἄλλο
1120 874 1150 962 γ’
1172 877 1193 962 ἡ

291 986 307 1049 ὁ
331 989 434 1070 πατὴρ
458 986 582 1049 ἄνωθεν
606 985 637 1061 ἐς
661 987 696 1049 τδ
719 984 828 1070 φρέαρ,
852 985 919 1069 ἐμοὶ
944 984 1057 1066 δοκεῖν,

291 1094 395 1177 ὥσπερ
418 1094 470 1157 τδν
494 1094 576 1157 οἶνον
601 1101 654 1156 τοῦ
679 1093 793 1178 δέρους
816 1091 953 1156 καθεῖκέ
977 1113 1024 1177 με.

76 1202 167 1280 Quae
198 1201 226 1265 si
258 1220 329 1266 cum
353 1201 508 1283 Equitum
540 1207 575 1266 et
597 1200 780 1282 Vesparum
810 1199 912 1265 initiis
935 1217 1036 1282 supra
1066 1199 1174 1265 allatis
1198 1195 1304 1263 conie-

77 1307 190 1387 rimus,
223 1306 317 1373 facile
351 1308 551 1386 adducimur,
585 1314 622 1373 ut
654 1307 724 1389 ipsa
758 1326 885 1389 quoquc
918 1308 951 1371 in
984 1305 1143 1388 principio
1175 1303 1305 1371 isbulae

78 1413 178 1480 fuisse
202 1432 407 1480 censeamus:
433 1413 611 1495 loquuntur
638 1415 701 1479 duo
725 1414 872 1480 homines
896 1433 1036 1496 quorum
1058 1414 1143 1480 alter
1166 1413 1306 1478 alterurn

78 1519 238 1602 quomodo
271 1539 306 1585 se
338 1519 460 1586 habeat
492 1519 685 1602 interrogat.
720 1557 761 1568 --
796 1521 920 1587 Deinde
950 1521 991 1588 iis
1015 1540 1098 1603 quae
1122 1517 1306 1602 argumenti

78 1625 260 1692 narrationi
284 1626 522 1708 Aristophanes
545 1628 579 1693 in
602 1628 687 1694 Pace
712 1628 896 1710 praemittit
918 1631 959 1710 (ν.
984 1629 1027 1694 43
1051 1631 1130 1710 aql:

293 1752 407 1796 ουκουν
431 1753 469 1796 αν
492 1732 554 1817 ηδη
576 1740 638 1796 τῶν
662 1732 786 1798 θεατῶν
810 1753 854 1809 τις
877 1731 963 1818 λέγοι
1161 1728 1163 1733 ’

292 1839 414 1915 νεανίας
438 1838 653 1924 δοκησίσοφος,
677 1839 770 1903 τὸδὲ
794 1850 925 1925 πρᾶγμα
948 1839 995 1920 ri3

293 1946 309 2010 ὁ
332 1947 494 2030 κάνθαρος
518 1946 552 2010 δὲ
575 1948 652 2030 πρὸς
675 1947 720 2028 ri3
745 1945 815 2031 κᾷτ’
837 1947 922 2031 αὐτῷ
944 1944 974 2031 γ’
996 1947 1076 2030 ἀνὴρ

292 2049 429 2128 Ἰωνικός
451 2052 495 2127 τίς
519 2072 597 2135 φησι
616 2051 887 2137 παρακαθήμενος
910 2052 978 2116 κτλ.

79 2157 244 2224 simillima
278 2164 355 2225 sunt
387 2177 469 2241 quae
503 2177 541 2222 ex
573 2158 782 2225 Pherecratis
814 2157 926 2226 fabula
957 2158 1191 2246 Ψευδηρακλῆς
1224 2176 1307 2240 quac

79 2265 242 2348 inscripta
264 2265 327 2332 fuit
351 2265 427 2351 (irg.
455 2265 530 2349 154)
556 2266 743 2332 Athenaeus
768 2267 826 2332 ΙΙΙ.
853 2267 943 2333 122e
967 2267 1128 2334 servavit:

294 2375 374 2436 εἴποι
398 2394 442 2449 τις
466 2375 503 2437 ἂν
528 2382 588 2437 τῶν
613 2373 694 2438 πάνυ
719 2364 974 2459 δοκησιδεξίων·ι

294 2480 356 2565 ἐγὼ
380 2478 444 2545 δ’ἂν
468 2482 640 2566 ἀντείποιμι
663 2480 715 2566 ‘ph
739 2481 1005 2567 πολυπραγμόνει,

296 2584 366 2650 ἀλλ’
389 2589 415 2651 εἰ
439 2588 526 2653 δοκεῖ
548 2610 605 2670 σοι,
630 2591 766 2676 πρόσεχε
789 2591 841 2654 τὸν
865 2598 936 2654 νοῠν
960 2584 1110 2671 κάκροῶ’,

81 2711 177 2774 quem
212 2691 317 2757 locum
352 2710 392 2757 ex
426 2695 562 2778 prologo
598 2697 803 2778 desumptum
838 2715 911 2762 esse
946 2698 1094 2777 apparet.
1151 2689 1308 2758 conferas

82 2798 208 2864 Cratini
247 2816 375 2880 quoque
414 2798 633 2883 fragmentum
671 2802 769 2872 307².
805 2840 848 2880 ,-
882 2802 1206 2886 Appropinquantem
1245 2802 1307 2866 iam

190 3019 199 3051 ¹
218 3017 344 3074 Ceterum
364 3020 458 3075 dubito
475 3039 538 3076 num
551 3028 626 3077 recte
638 3022 760 3079 Kockius
772 3032 836 3092 post
848 3024 921 3078 hunc
933 3036 1041 3077 versum
1053 3022 1157 3076 hiatum
1172 3019 1307 3076 statuerit.

85 3108 215 3163 Poterant
234 3109 305 3163 enim
324 3111 372 3165 illa
389 3111 473 3166 verbe
491 3113 666 3180 praecedere.
704 3113 835 3169 Conferte
854 3112 958 3167 Cratini
976 3110 1026 3180 irg.
1046 3111 1098 3166 307
1118 3127 1141 3167 v.
1163 3111 1190 3164 1:

368 3242 374 3257 .
411 3243 416 3257 .
451 3243 458 3259 .
492 3205 533 3265 τίς
552 3201 581 3258 δὲ
598 3205 647 3269 οὕς
664 3206 772 3273 κομψός
789 3227 829 3269 τις
846 3203 934 3275 ἔροιτο
953 3203 1066 3274 θεατής.

83 3291 112 3340 et
130 3287 275 3343 Menandri
292 3287 342 3357 frg.
361 3289 415 3344 472
433 3308 456 3342 ν.
476 3290 494 3344 3
513 3307 567 3359 sq.:

332 3374 420 3448 τούτῳ
438 3376 557 3448 λαλήσας
574 3374 677 3448 ἡμέρας
694 3379 807 3449 σμικρὸν
823 3377 906 3448 μέρος

333 3455 430 3522 sciveris
447 3456 499 3528 ἐγώ
517 3461 569 3514 νῦν
586 3462 648 3528 εἰμι.
666 3457 813 3516 ‘ustazade
830 3458 919 3531 λόγος’
947 3460 948 3463 “

333 3544 402 3613 πρὸς
419 3543 493 3601 τοῦτ’
511 3539 547 3600 ἂν
564 3547 636 3600 εἴποι
653 3567 693 3609 τις
710 3547 827 3614 μάλιστα
845 3550 899 3602 τῶν
917 3548 1019 3615 σοφῶν.

82 3629 171 3684 Multo
199 3629 309 3698 saepius
336 3637 427 3686 autem
454 3632 482 3685 iu
504 3630 649 3700 fragmenti
677 3633 754 3687 initio
783 3633 826 3688 vel
853 3632 909 3686 fine
937 3647 1017 3700 quem
1042 3631 1070 3684 iu
1094 3629 1184 3685 medio
1206 3627 1309 3698 aliquid

83 3718 248 3773 intercidere
266 3720 345 3777 solet.

192 3823 331 3880 ‘Adnoto
350 3826 414 3883 inde
432 3826 467 3881 ah
487 3827 599 3895 antiqua
617 3843 703 3896 usque
722 3826 758 3881 ad
777 3843 874 3882 noram
893 3824 1061 3881 comoediam
1080 3841 1142 3881 esse
1159 3827 1229 3880 hauc
1246 3841 1312 3895 poe·

84 3919 174 3967 terum
193 3916 424 3984 consuetudinem,
443 3924 475 3972 ut
493 3919 521 3972 in
539 3918 661 3987 prologis
680 3917 783 3986 aliquid
803 3916 856 3972 sibi
874 3917 917 3971 vel
930 3914 983 3984 ipsi
996 3920 1137 3984 opponant
1148 3914 1192 3968 vel
1205 3929 1221 3968 a
1234 3931 1312 3983 apec-

84 4001 220 4057 tatoribus
234 4007 336 4073 opponi
355 4014 402 4062 aut
420 4008 584 4077 interrogari
602 4007 714 4077 fingant,
733 4006 806 4077 quod
819 4007 854 4061 ad
867 4006 976 4061 fabulae
989 4013 1176 4073 argumentum
1188 4002 1311 4058 attineat.

85 4092 174 4158 Leges
199 4098 310 4159 praeter
335 4093 403 4150 duos
428 4096 503 4151 locos
521 4113 611 4166 supra
633 4098 731 4152 allatos
749 4097 885 4152 Heniochi
910 4095 962 4164 irg.
981 4096 997 4148 5
1024 4094 1114 4165 (Kock
1131 4094 1166 4150 II.
1192 4110 1218 4162 p.
1237 4091 1312 4158 433),

85 4179 175 4233 Plaut.
196 4181 256 4235 Cas.
276 4201 299 4238 ν.
319 4184 353 4238 67
373 4201 412 4254 sq.
433 4187 565 4258 (Ussing),
590 4188 690 4255 Amph.
708 4205 732 4239 ν.
751 4186 787 4240 86
805 4202 844 4254 sq.
889 4184 996 4240 Similes
1023 4188 1086 4239 sunt
1104 4182 1191 4238 Stichi
1218 4196 1312 4236 versus

85 4267 148 4322 inde
171 4284 188 4323 a
212 4271 266 4325 446
291 4275 337 4340 qui
362 4275 440 4330 locus
465 4292 627 4345 quamquam
652 4293 705 4331 uon
730 4276 758 4330 in
783 4276 897 4345 prologo
923 4275 1030 4343 positus
1052 4279 1095 4328 est
1113 4279 1203 4327 tamen
1221 4270 1312 4338 prolo-

85 4371 181 4423 gorum
198 4372 283 4426 genus
309 4360 417 4417 dicendi
436 4366 563 4420 ostendit.
600 4367 642 4420 De
661 4382 711 4421 suu
730 4367 785 4421 tale
809 4366 874 4435 quid
893 4365 999 4420 addidit
1017 4365 1162 4420 Terentius
1181 4364 1209 4418 in
1227 4363 1313 4416 Phor-

86 4445 185 4501 mionis
203 4450 317 4520 prologo
333 4453 397 4510 inda
415 4471 431 4510 a
449 4474 472 4512 ν.
493 4458 535 4514 12.
572 4458 721 4512 Praetores
746 4473 828 4510 uuum
854 4454 1035 4523 fragmentum
1060 4452 1145 4506 affero
1168 4449 1240 4519 quod
1259 4451 1313 4504 huc

85 4534 224 4603 pertinere
241 4544 353 4603 conicio.
392 4548 551 4602 Athenaeus
569 4547 615 4601 IX.
635 4547 688 4602 399
697 4546 726 4602 ef
746 4548 815 4601 haec
837 4545 921 4599 hahet
939 4543 984 4614 (Κ.
1004 4543 1038 4597 Il.
1057 4559 1084 4611 p.
1102 4542 1181 4609 296J:
1207 4539 1314 4590 Ναυσι-
