2910 4942
625 231 847 337 far-¹

335 425 434 514 Ἑρμῆ
458 430 543 493 θεῶν
568 430 736 514 προπομπὲ
759 429 814 492 καί
837 426 1027 492 Φιλιππίδου

107 604 110 612 Δ
335 535 503 622 κληροῦχε,
525 533 648 612 Νυκτός
671 533 697 598 τ’
720 536 804 619 ὄμμα
827 544 882 620 τῆς
906 532 1143 620 μελαμπέπλου.
1419 605 1423 610 ,

120 642 211 708 Haeo
231 660 377 725 quoque,
408 660 491 724 quae
520 644 597 725 quin
624 647 719 708 uoote
741 648 882 723 agantur
905 641 958 706 vis
982 642 1151 724 quisquam
1175 639 1347 721 dubitabit,
1426 670 1428 675 ⁴

120 749 248 815 initium
272 748 402 816 fabulae
425 748 527 842 fuisse
541 738 584 816 'et
607 768 667 831 per
691 769 726 816 se
750 750 820 814 veri
843 748 944 815 habet
965 747 1207 815 similitudinem
1225 755 1258 815 et
1273 749 1349 815 inde

121 841 230 940 colligi
263 865 383 940 potest,
415 860 499 942 quod
528 860 570 924 ad
593 857 773 939 exemplum
805 857 1006 938 tragicorum
1037 855 1242 924 exordiorum
1273 854 1349 923 fieta

121 973 215 1045 suut3
240 964 389 1033 conferas
413 966 611 1048 Euripideae
636 953 823 1047 Suppiioum
846 983 960 1030 versus
983 963 1123 1045 primos:

335 1067 480 1157 Δήμητερ
504 1067 638 1156 ἑστιοῦχ’
658 1068 836 1147 Ἐλευσῖνος
859 1069 976 1160 χθονός
1087 1111 1090 1117 ·

335 1176 421 1264 τῆσδ’
443 1180 528 1243 οἵτε
551 1181 643 1254 ναοὺς
666 1179 756 1264 ἔχετε
778 1177 951 1263 πρόσπολοι
974 1179 1053 1255 θεᾶς

121 1288 157 1352 et
179 1284 261 1352 alios
284 1285 381 1353 locos.

128 1461 130 1465 Α
183 1409 185 1414 ’
228 1411 362 1476 Duobus
386 1411 450 1477 illis
474 1430 514 1477 en
531 1405 692 1493 'exemplis
716 1429 800 1493 quae
823 1395 982 1491 supre'mo
999 1411 1069 1476 loeo
1087 1408 1182 1475 attuli
1199 1408 1348 1490 cognosci

121 1534 185 1580 non
209 1522 351 1598 poterat,
375 1517 544 1600 qualessiu
568 1516 679 1583 fabula
702 1523 815 1599 partes
839 1514 980 1583 fuissent
1003 1516 1072 1582 eius
1088 1533 1248 1597 personae
1265 1532 1349 1596 quae

116 1623 178 1688 illa
193 1623 368 1705 proferret.
407 1624 498 1691 idem
520 1624 554 1689 iu
571 1624 695 1706 Diphili
710 1616 929 1705 fragmentum
945 1623 989 1688 30
1005 1622 1101 1699 cadit,
1126 1623 1211 1704 quod
1226 1621 1349 1702 legitur

109 1731 209 1812 (apud
232 1731 435 1797 Athenaeum
459 1732 504 1798 VI
528 1732 637 1798 223a:
662 1729 787 1816 Δίφιλος
810 1728 837 1794 δ’
858 1731 891 1795 ἐν
913 1728 1246 1815 Ἐλαιωνηφρουροῦσι·

335 1840 361 1903 ὠ
383 1837 464 1905 τόνδ’
486 1838 702 1904 ἐποπτεύουσα
725 1839 779 1902 καί
803 1838 979 1923 κεκτημένη
1296 1829 1299 1835 ’

333 1945 522 2031 Βραυρῶνος
549 1947 630 2032 ἱεροῦ
654 1939 899 2031 θεοφιλέστατον
922 1938 1028 2025 τόπον,

235 2115 240 2122 .
334 2051 456 2140 Λητοῦς
469 2052 551 2131 ’Διός
573 2074 607 2117 τε
630 2052 800 2138 τοξόδαμνε
822 2051 1000 2138 παρθένε,1

336 2159 377 2236 ὡς
401 2160 429 2224 οἱ
452 2159 605 2247 τραγῳδοί
628 2181 732 2245 φασιν,
756 2163 801 2237 οίς
824 2159 948 2240 ἐξουσία

335 2267 417 2332 ἐστίν
441 2265 542 2353 λέγειν
566 2270 691 2333 ἅπαντα
714 2270 768 2333 καί
792 2277 891 2332 ποιεῖν
916 2267 1028 2352 μόνοις.

120 2374 252 2441 Initium
284 2374 414 2442 fabulae
429 2370 541 2444 (τουτο-
561 2375 719 2442 Dziatzko
750 2375 893 2457 agnovit.
939 2374 1022 2441 Nam
1054 2378 1153 2456 poeta
1177 2371 1349 2440 manifesto

121 2483 156 2548 id
188 2482 268 2564 agit,
302 2488 340 2549 ut
371 2488 575 2564 spectatores
604 2480 660 2548 ubi
683 2502 738 2549 res
761 2488 880 2566 agatur
904 2483 1028 2548 doceat.
1076 2478 1233 2546 conferas
1257 2479 1350 2546 initia

122 2590 375 2673 Euripidearum
398 2592 519 2658 Phoen.
544 2591 612 2657 Alo.
637 2591 687 2658 nl.
712 2590 824 2673 Suppl.

229 2716 321 2782 Alius
345 2723 473 2800 quoque
497 2716 672 2800 fragmenti
696 2717 760 2784 huo
783 2718 977 2800 pertinentis
1001 2721 1152 2782 naturam
1175 2713 1350 2795 sedemque

121 2816 282 2889 Dziatzko
306 2818 396 2890 reete
412 2826 590 2908 perspexit.
627 2826 688 2891 Est
704 2818 898 2908 Antiphanis
922 2823 985 2906 frg.
1004 2821 1078 2903 168,
1103 2820 1188 2904 quod
1212 2820 1350 2901 legimus

122 2928 211 3011 apud
235 2930 439 2997 Athenaeum
462 2932 511 2998 III
536 2931 644 2998 roae:
668 2924 715 2995 τὰ
733 2932 772 2996 ἐκ
793 2929 955 3007 Νεοττίδος
977 2927 1180 3014 Ἀντιφάνους
1203 2926 1286 2990 τοίδε·

337 3047 410 3114 παῖς
434 3039 476 3103 ὢν
501 3037 566 3122 μετ’
589 3038 726 3125 ἀδελφῆς
750 3040 791 3115 είς
813 3037 955 3124 Ἀθήνας
978 3037 1094 3101 ἐνόοίδε

335 3144 492 3233 ἀφικόμην
516 3138 629 3232 ἀχθεὶς
652 3146 713 3210 ὑπό
736 3167 816 3223 τινος
840 3145 986 3231 ἐμπόρου,

337 3250 436 3337 Σύρος
459 3255 494 3316 τό
517 3251 606 3339 γένος
631 3254 683 3318 ὤν.
708 3255 882 3340 περιτυχὼν
908 3250 935 3315 δ’
956 3251 1030 3337 ημῖν
1054 3250 1100 3314 όδί

336 3359 574 3446 κηρυττομένοις
598 3360 805 3447 ὀβολοστάτης
830 3361 872 3425 ὢν
896 3359 1033 3444 ἐπρίατο,

337 3467 505 3551 ἄνθρωπος
528 3467 759 3554 ἀνυπέρβλητος
783 3469 825 3545 εἰς
849 3467 1008 3553 πονηρίαν,

336 3571 471 3652 τοιοῦτος
495 3578 558 3653 οίος
582 3575 678 3662 μηδέν
700 3566 743 3652 είς
766 3578 823 3660 τὴν
847 3575 958 3654 οἰκίαν,

337 3680 407 3769 μηδ’
430 3684 472 3748 ὧν
496 3683 513 3746 ό
535 3682 728 3769 Πυθαγόρας
752 3682 870 3758 ἐκεῖνος
893 3680 1007 3765 ἤσθιεν

336 3789 353 3852 ό
376 3790 626 3876 τρισμακαρίτης,
651 3787 800 3875 εἰσφέρειν
824 3787 883 3868 ἔξω
906 3788 1020 3871 θύμου.

228 3905 266 3987 In
281 3921 512 4004 Aristophanis
528 3922 703 4004 Equitibus
720 3924 837 4006 Vespis
856 3925 940 3989 Pace
963 3922 1103 4005 populus
1123 3925 1350 4002 argumentum

111 4028 215 4094 audit
238 4046 276 4093 ex
300 4045 405 4106 servo,
430 4027 484 4110 qui
509 4028 549 4093 de
573 4027 693 4093 domiui
716 4027 815 4096 rebus
839 4029 940 4095 verba
964 4029 1051 4096 facit.
1092 4029 1216 4093 Similia
1237 4047 1350 4094 occur·

120 4133 214 4201 runt'
229 4133 262 4198 iu
286 4134 453 4217 Euripidis
483 4135 722 4218 antiquioribus
753 4134 882 4203 fabulis.
929 4136 978 4202 Ne
1009 4136 1070 4202 hoo
1099 4135 1228 4219 quidem
1253 4153 1350 4217 expo-

231 4346 240 4377 ¹
259 4345 327 4414 Quis
345 4361 428 4401 ausus
447 4345 483 4399 sit
500 4352 584 4414 poeta
601 4346 720 4415 tragicus
739 4347 837 4401 mirum
856 4347 928 4400 hune
943 4363 1049 4401 versum
1063 4347 1213 4402 nescimus:
1233 4347 1351 4404 fortasse

120 4451 211 4492 nemo.
247 4434 395 4505 Euripides
413 4435 530 4489 Dianam
548 4433 718 4501 τοξόδαμνον
736 4435 887 4505 appellavit
904 4435 933 4488 in
951 4434 1034 4504 Hipp.
1054 4451 1078 4491 v.
1099 4435 1181 4490 1451:
1225 4434 1227 4438 '

422 4525 475 4596 τὴν
492 4524 662 4593 τοξόδαμνον
672 4519 794 4595 Ἀρτεμιν
810 4524 993 4595 μαρτύρομαι.
